2598 3880
483 231 607 287 Editorie
625 233 774 302 praefatio.

220 399 310 460 Theb.
329 399 389 458 VII
409 401 472 459 583
498 402 619 460 trabunt
639 406 680 461 P:
704 402 824 460 trabant
848 417 879 460 ω

330 497 391 556 VII
411 499 474 557 783
498 503 594 572 utroq.
617 503 657 558 P:
681 503 804 572 oooooe
827 515 858 558 ω

314 595 390 654 VIII
410 596 475 655 570
492 599 595 670 primo
617 601 657 656 P:
675 600 809 671 primam
832 613 863 674 ω

347 693 391 752 IX
404 694 476 752 ,350
498 697 623 766 stamina
645 687 699 754 P¹r
721 697 847 767 [lomina
869 696 945 754 P'o)

345 790 389 848 IX
410 792 470 851 741
497 807 607 866 559555
628 796 668 851 P:
691 810 804 867 tropaeo
828 809 859 852 ω

361 888 389 946 Χ
409 890 472 948 515
498 888 641 950 Ormeoos
663 894 704 949 P:
729 889 873 950 05555555
896 907 927 950 ω

361 986 472 1045 11522
496 989 625 1066 immone
646 981 700 1048 Pl:
723 989 851 1048 immane
872 990 948 1048 rra

332 1136 392 1195 XII
435 1138 474 1196 75
499 1091 607 1216 regnos
629 1131 682 1199 P1:
705 1155 813 1198 coactos
837 1156 867 1198 ω

331 1233 391 1292 X[I
411 1236 473 1293 167
497 1236 674 1296 horruerant
695 1229 748 1296 P1:
771 1238 948 1296 horruerant
968 1238 1044 1295 Pro»

284 1329 392 1390 Aoni
412 1335 475 1392 907
499 1336 598 1393 motos
620 1338 660 1392 P:
683 1337 781 1393 motos
804 1350 844 1393 ω.

118 1439 274 1513 praeterea
291 1438 349 1496 buc
367 1437 441 1497 facit
456 1442 650 1498 commutatio
669 1458 745 1515 quae
765 1442 811 1499 551
828 1439 909 1498 facta
926 1441 1006 1498 inter
1023 1441 1140 1500 11115555

118 1553 140 1592 oo
164 1536 194 1593 et
215 1551 250 1609 ας
274 1534 310 1593 cf.

218 1675 308 1735 Theb.
344 1675 388 1734 VI
429 1678 471 1736 80
494 1634 629 1752 AIIpwrcc
651 1670 691 1736 P1

328 1773 388 1832 VII
408 1775 470 1833 183
494 1778 563 1834 15515
585 1779 625 1834 P:
647 1777 715 1834 imis
738 1767 802 1856 orl)

90 1907 157 1959 ,9,
327 1871 386 1930 VH
405 1873 469 1932 613
487 1875 620 1946 potitiae
641 1876 681 1931 P:
698 1875 830 1946 potuitve
854 1888 885 1931 ω

343 1968 386 2027 ΙΧ
405 1971 468 2030 419
493 1970 571 2029 uicis
593 1989 628 2029 er
650 1969 731 2028 coitis
754 1972 881 2029 correxit
902 1963 943 2028 P1

323 2065 382 2124 XII
401 2068 466 2127 300
489 2069 603 2126 1555515
625 2071 665 2125 P:
687 2069 806 2126 incoctis
831 2083 862 2126 ω

118 2181 245 2241 forsitan
272 2183 422 2267 pertineat
443 2183 501 2241 huo
524 2184 624 2258 etiam,
650 2182 730 2257 quod
752 2181 943 2241 Aea1135
967 2185 1068 2258 macti
1091 2202 1138 2241 ex-

119 2280 237 2336 aratum
260 2282 305 2338 551
327 2280 359 2337 15
382 2278 532 2339 Puteaneo
554 2299 608 2357 pro
631 2281 761 2358 genuina
780 2272 907 2340 lectione
924 2281 1031 2356 :topici
1050 2299 1140 2357 quam

120 2377 210 2436 ceteri
239 2375 311 2434 libri
332 2375 423 2452 probe
447 2380 703 2438 conservaverunt.

186 2472 291 2531 deinde
315 2475 425 2534 similes
444 2476 514 2534 sunt
532 2493 645 2534 errores
663 2475 747 2536 velut
765 2474 855 2534 Theb.
874 2475 918 2535 XI
936 2475 1011 2550 424,
1034 2475 1087 2534 ubi
1105 2495 1139 2534 ex

118 2569 179 2629 levi
202 2589 298 2629 errore
321 2571 509 2630 vehementer
531 2574 563 2630 in
586 2571 738 2632 Puteaneo
761 2575 917 2648 peccatum
940 2574 992 2632 est.
1030 2591 1084 2648 pro
1107 2577 1141 2630 tot

119 2667 199 2726 enim
221 2669 254 2726 in
277 2687 344 2727 cum
367 2670 490 2746 legisset
512 2668 661 2744 librarius,
680 2670 835 2744 sequentia
854 2670 891 2728 ad
909 2670 987 2729 hanc
1004 2689 1139 2730 normam

120 2765 369 2825 accommodanda
397 2767 511 2826 censuit
538 2768 582 2825 ita
608 2769 644 2825 ut
669 2785 724 2842 pro
751 2769 785 2825 51
805 2767 931 2826 stimate
953 2768 1085 2827 eveniret
1106 2769 1139 2827 15

119 2861 258 2921 somnies.
304 2863 383 2938 quod
410 2866 565 2940 peccatum
593 2865 677 2924 auxit
703 2882 781 2924 unus
795 2883 844 2923 verr
871 2865 922 2940 eis,
949 2867 1002 2940 qui
1028 2865 1138 2924 librum

117 2960 282 3036 posteriore
305 2963 403 3020 aetate
426 2962 570 3040 legerunt.
615 2981 686 3020 nam
711 2964 871 3039 postquam
892 2964 1055 3022 rectissime
1078 2964 1138 3023 dis·

117 3058 243 3116 crimino
266 3060 350 3117 cortis
372 3059 491 3136 scripsit
509 3059 658 3135 fimbrias,
681 3060 821 3119 ultimum
840 3077 941 3121 versus
959 3061 1137 3121 vocabulum

118 3157 283 3214 correctum
306 3148 502 3237 5515551552)
538 3160 604 3216 tum
627 3156 717 3216 Theb.
742 3157 801 3216 XII
822 3158 886 3217 465
904 3161 1023 3231 promto
1046 3161 1136 3235 scrip-

115 3253 182 3310 tum
206 3255 251 3312 est
273 3272 327 3328 pro
350 3255 480 3331 genuina
502 3254 628 3314 lectione
648 3256 784 3327 praecio.

190 3441 216 3508 1)
232 3401 329 3493 contra
342 3440 411 3494 Aeh.
426 3441 439 3493 I
454 3446 505 3496 755
524 3443 596 3496 imas
610 3441 722 3496 videtur
735 3441 889 3512 genuinum
903 3458 971 3511 esse,
986 3442 1036 3496 ubi
1050 3443 1136 3498 ceteri

116 3517 183 3572 libri
201 3519 339 3587 praebent
356 3519 507 3576 lectionem
524 3539 605 3578 5555.

190 3600 216 3666 2)
235 3597 301 3652 hinc
319 3599 491 3655 Kohlmanni
509 3601 546 3656 ad
566 3603 641 3656 hunc
660 3602 753 3656 locum
772 3601 984 3656 adnotationem
1003 3601 1134 3671 corrigas.
