2598 3880
391 974 607 1061 rollonis
634 976 907 1062 Palnrlrla

208 1163 393 1223 Achilleidos
412 1162 573 1223 Stetimus
598 1163 736 1242 editione,
759 1183 850 1240 quam
874 1183 952 1224 anno
976 1166 1083 1241 prioris
1109 1183 1159 1224 sae

139 1262 199 1321 culi
217 1261 341 1320 LXXIX
364 1261 521 1338 Philippus
540 1262 711 1322 Kohlmann
733 1265 857 1338 curavit,
881 1262 1034 1324 divendita
1054 1261 1156 1323 adme

138 1362 275 1435 pervenit
298 1358 429 1418 iterandi
454 1377 520 1418 eam
548 1360 686 1419 officium.
732 1360 925 1436 quamobrem
948 1363 983 1419 ut
1004 1363 1157 1437 appareat,

139 1456 246 1532 quibus
267 1455 469 1515 fundamentis
491 1474 561 1515 usus
580 1459 719 1516 carminis
733 1457 821 1516 huius
835 1457 926 1517 verba
940 1459 1156 1516 constituerim·

137 1572 235 1630 pauca
257 1554 453 1630 praefationis
476 1553 542 1612 loco
565 1553 689 1612 dicenda
708 1557 784 1613 sunt.
821 1557 924 1613 tamen
941 1555 1061 1630 nequis
1079 1574 1157 1614 nunc

138 1652 259 1727 plenam
278 1652 488 1728 copiosamque
507 1650 543 1710 de
562 1651 646 1710 libris
666 1650 869 1711 Statianis—
825 1655 1034 1730 —epicorum
1051 1671 1156 1729 nempe

138 1750 311 1824 carminum,
332 1768 402 1807 nam
420 1749 456 1808 de
477 1747 567 1808 Silvis
585 1768 649 1809 rem
667 1749 751 1809 absol
751 1752 903 1810 vimus—
920 1749 1158 1810 dissertationem

137 1864 155 1905 a
173 1865 220 1906 me
241 1849 399 1924 exspectet
437 1845 517 1922 quod
535 1866 642 1906 munus
661 1847 720 1905 alio
739 1850 872 1926 tempore
889 1867 937 1906 me
955 1865 1040 1923 posse
1059 1847 1158 1907 subire

136 1962 236 2021 spero,
263 1944 317 2003 ubi
345 1947 436 2004 etiam
466 1944 632 2004 Thebaidos
659 1948 860 2006 recensionem
887 1962 1079 2024 aggressurus
1107 1963 1157 2004 ero

135 2041 282 2118 huiusque
306 2044 453 2119 poematis
481 2042 626 2102 librorum
649 2043 822 2102 collationes
846 2061 1064 2119 comparavero.
1110 2043 1158 2102 hic

135 2157 205 2198 vero
236 2140 314 2198 nihil
344 2141 460 2218 agimus
483 2142 542 2199 nisi
564 2141 628 2215 hoc,
655 2143 691 2198 ut
713 2144 858 2216 qnantum
885 2139 949 2200 fieri
971 2143 1070 2216 potest
1091 2141 1157 2199 bre-

134 2237 254 2296 uissime
282 2236 456 2312 indicemus,
483 2256 541 2313 quo
572 2237 765 2298 fundamento
793 2241 896 2298 nostra
919 2237 1010 2297 editio
1033 2239 1157 2313 nitatur,

133 2354 171 2393 ne
205 2336 285 2394 omni
317 2335 428 2394 iudicio
462 2337 523 2394 sint
554 2335 691 2394 destituti
723 2338 776 2412 qui
802 2337 913 2414 legant.
965 2354 1000 2394 ac
1027 2336 1157 2413 primum

134 2432 254 2508 quidem
285 2432 322 2492 de
349 2433 448 2493 codice
476 2433 637 2509 Puteaneo,
665 2435 797 2493 omnium
824 2435 1002 2510 quicumque
1025 2436 1154 2492 aetatem

133 2531 267 2590 tulerunt
296 2533 419 2607 optimo,
446 2530 537 2590 rerba
564 2531 721 2607 faciemus,
753 2535 818 2590 tum
846 2531 882 2590 de
914 2531 1037 2607 reliquis
1068 2530 1152 2590 libris

133 2646 207 2704 quos
235 2628 273 2687 ad
304 2631 420 2688 textum
452 2628 692 2689 constituendum
722 2628 923 2704 adhibuimus,
955 2628 1061 2688 deinde
1093 2647 1152 2704 quo

132 2726 251 2786 vinculo
280 2727 389 2802 reliqui
416 2726 463 2794 illi
490 2726 561 2785 libri
589 2726 767 2786 cohaereant
793 2726 872 2784 inter
900 2745 930 2785 se
958 2729 988 2785 et
1012 2744 1087 2801 quae
1116 2727 1156 2784 sit

132 2823 240 2882 relatio
273 2826 353 2883 inter
379 2825 433 2884 hos
464 2827 495 2883 et
517 2824 714 2900 Puteaneum‚
747 2841 934 2900 quaeremur,
966 2823 1093 2899 denique
1125 2824 1157 2881 in

131 2921 189 2978 fine
212 2923 408 2997 praefationis
432 2922 505 2981 duas
536 2923 654 2982 tabulas
678 2921 897 2997 collocabimus,
924 2922 1050 2981 alteram
1072 2923 1157 2980 nota·

130 3039 198 3078 rum
226 3038 301 3094 quae
324 3022 356 3077 in
379 3022 527 3097 apparatu
554 3021 656 3079 critico
684 3021 836 3098 leguntur,
867 3019 994 3078 alteram
1015 3021 1157 3086 virorum,

131 3116 286 3176 doctorum
309 3118 362 3193 qui
385 3117 423 3178 ad
446 3117 527 3177 Stati
544 3117 742 3178 Achilleidem
765 3117 981 3176 emendandam
1004 3117 1157 3194 symbolas

132 3214 329 3274 contulerunt.

406 3360 423 3426 ἕ
441 3363 458 3416 1
480 3361 523 3417 de
548 3361 667 3418 codice
689 3361 873 3417 Puteaneo.

197 3500 363 3577 principem
385 3500 484 3558 locum
506 3501 587 3558 inter
604 3498 789 3560 Achilleidos
813 3497 1041 3573 Thebaidosque
1065 3495 1157 3556 libros

135 3597 268 3657 obtinere
298 3596 429 3657 codicem
452 3597 639 3657 Puteaneum
665 3615 743 3654 nunc
766 3599 845 3653 inter
867 3593 1019 3652 Parisinae
1042 3592 1156 3668 byblio-
