2598 3880
150 156 193 217 56
514 155 544 208 Ρ.
563 155 685 208 ΡΑΡΙΝῚ
704 155 808 210 STATI

111 335 136 372 11
149 315 272 398 Pelion,
296 320 327 380 et
349 317 468 380 nostris
492 317 556 381 iam
579 321 657 382 tunc
679 317 877 401 promitteris
901 317 1006 381 armis.

149 423 197 486 ira
220 422 325 503 quatit
347 422 462 507 victas3
485 423 568 506 petit
590 423 732 487 exitialia
755 424 851 487 iudex

95 547 136 585 au
149 529 302 611 praemia:
325 530 449 612 raptori
471 529 582 593 faciles
605 533 825 593 monstrantur
847 527 1010 613 Amyclae.

149 633 204 698 ille
227 633 372 720 Phrygas
395 635 495 718 lucos,
518 635 630 699 matris
652 635 830 719 penetralia
853 635 958 701 caedit
1141 663 1172 701 eo

148 740 323 825 turrigerae
346 741 527 824 veritasque
550 742 619 804 solo
642 741 853 824 procumbere
876 741 972 825 pinus

147 847 339 930 praecipitat
360 850 524 930 terrasque
546 847 629 911 freto
654 847 777 920 delatus
799 844 945 912 Achaeas

148 952 286 1036 hospitis
308 951 441 1016 Atridae
464 991 508 1000 -
530 954 631 1036 pudet
654 954 716 1017 heu
739 953 933 1036 miseretque
955 954 1097 1037 potentis

94 1078 135 1116 ³⁵0
148 1057 310 1140 Europaei
333 1096 377 1105 -
401 1059 520 1141 spoliat
543 1060 711 1142 thalamos,
735 1058 922 1142 Helenaque
946 1059 1101 1142 superbus

147 1165 278 1248 navigat
301 1166 332 1228 et
356 1167 468 1247 captos
496 1165 536 1228 ad
558 1163 715 1249 Pergama
738 1165 867 1229 devehit
889 1163 1004 1250 Argos.
1139 1192 1168 1230 es

147 1272 220 1334 inde
244 1271 317 1334 dato
341 1271 461 1353 passim
484 1271 588 1336 varias
611 1292 738 1336 rumore
761 1293 818 1356 per
840 1272 944 1348 urbes,

146 1377 287 1459 undique
311 1377 442 1442 inexciti
466 1378 529 1449 sibi
552 1377 688 1460 quisque
711 1381 743 1442 et
767 1383 881 1461 sponte
906 1378 1029 1443 coimus

146 1487 280 1548 ultores:
305 1484 376 1566 quis
400 1484 485 1547 enim
509 1483 643 1548 inlicitis
667 1483 806 1568 genialia
827 1485 935 1566 rumpi

93 1613 133 1650 are
146 1592 241 1673 pacta
264 1589 346 1653 dolis
370 1588 522 1670 facilique
545 1589 629 1652 trahi
654 1588 793 1653 conubia
814 1593 909 1672 raptu

147 1718 205 1759 ceu
227 1717 325 1779 pecus
349 1699 569 1759 armentumve
592 1698 647 1758 aut
671 1695 745 1759 vilis
768 1696 880 1759 messis
905 1718 1034 1760 aceruos
1139 1725 1166 1764 το

146 1801 305 1884 perferat?
328 1802 408 1865 haec
431 1801 525 1864 etiam
550 1802 650 1865 fortes
673 1801 796 1865 iactura
819 1806 971 1868 moveret.

145 1930 212 1971 non
234 1907 310 1971 tulit
332 1907 464 1970 insidias
488 1907 597 1971 divum
621 1907 812 1990 imperiosus
836 1906 968 1992 Agenor

146 2015 352 2099 mugitusque
376 2036 482 2079 sacros
506 2018 539 2079 ct
561 2035 679 2099 magno
702 2015 834 2078 numine
858 2018 983 2079 vectam

91 2141 133 2179 see
146 2121 283 2204 quaesiit
305 2120 460 2203 Europen
483 2123 733 2203 aspernatusque
756 2119 935 2184 Tonantem
958 2125 1007 2184 est

146 2229 182 2289 ut
205 2247 371 2311 generum3
394 2230 520 2309 raptam
545 2225 698 2309 Scythico
722 2227 761 2290 de
783 2226 879 2290 litore
902 2228 1025 2310 prolem
1136 2253 1163 2293 u

144 2354 211 2395 non
233 2333 310 2395 tulit
332 2330 448 2395 Aeetes
471 2332 619 2415 ferroque
643 2336 676 2396 et
698 2334 799 2397 classe
824 2336 952 2397 secutus

145 2438 302 2502 semideos
325 2459 417 2523 reges
440 2441 472 2501 et
495 2438 612 2502 ituram
635 2439 669 2500 in
692 2438 796 2503 sidera
817 2440 966 2523 puppim:

144 2567 203 2608 nos
226 2544 357 2629 Phryga
380 2545 566 2609 semivirum
590 2547 703 2628 portus
728 2549 760 2608 et
782 2545 879 2610 litora
902 2547 1022 2611 circum

90 2672 131 2710 aee
144 2650 298 2736 Argolica
321 2652 443 2716 incesta
464 2652 656 2716 volitantem
679 2673 787 2736 puppe
810 2651 970 2716 feremus?

145 2779 245 2842 usque
264 2757 342 2822 adeo
357 2779 515 2840 nusquam
535 2781 623 2823 arma
637 2763 669 2823 et
685 2759 768 2842 equi,
782 2759 927 2841 fretaque
945 2759 1032 2823 invia
1047 2757 1161 2822 Grais?

145 2862 222 2946 quid
245 2865 272 2927 si
294 2887 381 2930 nunc
404 2864 520 2946 aliquis
543 2865 657 2948 patriis
680 2869 830 2948 rapturus
854 2865 893 2927 ab
918 2865 982 2928 oris
1134 2891 1159 2928 m

216 3130 248 3178 57
268 3126 440 3194 promitteris
455 3127 515 3194 (tte
529 3144 562 3182 em
576 3145 628 3180 -ss-
642 3129 685 3196 ΡΙ)
768 3131 799 3180 61
815 3127 975 3194 veritasque
992 3132 1024 3180 l’:
1044 3128 1159 3180 vetitas-

144 3213 198 3266 que
212 3213 240 3250 ω
301 3196 381 3265 pinos
396 3196 430 3256 α’
514 3202 547 3250 68
567 3197 683 3252 inlicitis
702 3197 831 3268 genealia
849 3198 942 3266 rumpi
956 3204 1015 3250 PK:
1035 3197 1159 3266 genialia

142 3268 257 3322 foedera
275 3266 368 3336 rumpi
387 3272 430 3326 αθ
509 3272 542 3320 70
560 3268 629 3322 viles
648 3287 676 3322 ω
754 3274 786 3322 73
805 3269 959 3327 nominee
1035 3274 1068 3322 ‘15
1087 3269 1159 3320 Etc

213 3341 295 3406 rapta
314 3338 419 3406 scytico
438 3345 470 3391 P:
496 3341 607 3407 raptam
626 3342 654 3393 et
673 3340 790 3394 scithico
810 3358 850 3407 ως
874 3340 909 3405 cf.
934 3341 1160 3394 Wilsmowitelm

143 3449 217 3498 1893
232 3460 261 3512 p.
282 3448 317 3497 10
417 3450 450 3497 ’16
470 3460 486 3497 a
510 3442 605 3498 &esP
705 3450 745 3498 ⁷7.
761 3447 836 3499 itura
859 3451 918 3498 PK:
947 3427 1049 3508 itslram

145 3520 176 3566 79
196 3513 384 3582 Argolicae?
516 3580 519 3586 Ι
1032 3541 1035 3546 ’
