<?xml version="1.0" encoding="UTF-8"?>
<!DOCTYPE html PUBLIC "-//W3C//DTD XHTML 1.0 Transitional//EN"
    "http://www.w3.org/TR/xhtml1/DTD/xhtml1-transitional.dtd">
<html xmlns="http://www.w3.org/1999/xhtml" xml:lang="en" lang="en">
 <head>
  <title>
</title>
<meta http-equiv="Content-Type" content="text/html;charset=utf-8" />
  <meta name='ocr-system' content='tesseract 3.04.00' />
  <meta name='ocr-capabilities' content='ocr_page ocr_carea ocr_par ocr_line ocrx_word'/>
</head>
<body>
  <div class='ocr_page' id='page_1' title='image "./opera04statgoog_0016.png"; bbox 0 0 2598 3880; ppageno 0'>
   <div class='ocr_carea' id='block_1_1' title="bbox 170 223 823 292">
    <p class='ocr_par' dir='ltr' id='par_1_1' title="bbox 170 223 823 292">
     <span class='ocr_line' id='line_1_1' title="bbox 170 223 823 292; baseline 0 -15"><span class='ocrx_word' id='word_1_1' title='bbox 170 223 223 277; x_wconf 87' lang='lat' dir='ltr'><strong>XII</strong></span> <span class='ocrx_word' id='word_1_2' title='bbox 533 223 657 278; x_wconf 85' lang='lat' dir='ltr'><strong>Editoris</strong></span> <span class='ocrx_word' id='word_1_3' title='bbox 675 223 823 292; x_wconf 81' lang='lat' dir='ltr'><strong>praefatio.</strong></span> 
     </span>
    </p>
   </div>
   <div class='ocr_carea' id='block_1_2' title="bbox 161 385 1192 2125">
    <p class='ocr_par' dir='ltr' id='par_1_2' title="bbox 161 385 1192 2125">
     <span class='ocr_line' id='line_1_2' title="bbox 237 385 1192 468; baseline 0.002 -20"><span class='ocrx_word' id='word_1_4' title='bbox 237 409 255 448; x_wconf 87' lang='lat' dir='ltr'><strong>a</strong></span> <span class='ocrx_word' id='word_1_5' title='bbox 269 391 409 451; x_wconf 81' lang='lat' dir='ltr'><strong>lacunosa</strong></span> <span class='ocrx_word' id='word_1_6' title='bbox 421 391 582 468; x_wconf 84' lang='lat' dir='ltr'><strong>archetypo</strong></span> <span class='ocrx_word' id='word_1_7' title='bbox 597 385 782 450; x_wconf 83' lang='lat' dir='ltr'><strong>descendisse</strong></span> <span class='ocrx_word' id='word_1_8' title='bbox 797 390 980 452; x_wconf 88' lang='lat' dir='ltr'><strong>Puteaneum</strong></span> <span class='ocrx_word' id='word_1_9' title='bbox 995 392 1068 451; x_wconf 86' lang='lat' dir='ltr'><strong>satis</strong></span> <span class='ocrx_word' id='word_1_10' title='bbox 1082 392 1192 467; x_wconf 90' lang='lat' dir='ltr'><strong>opinor</strong></span> 
     </span>
     <span class='ocr_line' id='line_1_3' title="bbox 169 489 1190 565; baseline 0.001 -18"><span class='ocrx_word' id='word_1_11' title='bbox 169 507 205 547; x_wconf 85' lang='lat' dir='ltr'><strong>ex</strong></span> <span class='ocrx_word' id='word_1_12' title='bbox 228 490 270 548; x_wconf 88' lang='lat' dir='ltr'><strong>eis</strong></span> <span class='ocrx_word' id='word_1_13' title='bbox 294 489 398 564; x_wconf 84' lang='lat' dir='ltr'><strong>elucet,</strong></span> <span class='ocrx_word' id='word_1_14' title='bbox 427 508 502 564; x_wconf 80' lang='lat' dir='ltr'><strong>quae</strong></span> <span class='ocrx_word' id='word_1_15' title='bbox 526 489 622 547; x_wconf 90' lang='lat' dir='ltr'><strong>adhuc</strong></span> <span class='ocrx_word' id='word_1_16' title='bbox 645 491 842 565; x_wconf 82' lang='lat' dir='ltr'><strong>exposuimus.</strong></span> <span class='ocrx_word' id='word_1_17' title='bbox 887 491 1038 548; x_wconf 83' lang='lat' dir='ltr'><strong>tamensi</strong></span> <span class='ocrx_word' id='word_1_18' title='bbox 1062 491 1127 564; x_wconf 90' lang='lat' dir='ltr'><strong>quis</strong></span> <span class='ocrx_word' id='word_1_19' title='bbox 1152 509 1190 548; x_wconf 86' lang='lat' dir='ltr'><strong>ex</strong></span> 
     </span>
     <span class='ocr_line' id='line_1_4' title="bbox 167 585 1189 663; baseline 0.002 -19"><span class='ocrx_word' id='word_1_20' title='bbox 167 588 233 663; x_wconf 88' lang='lat' dir='ltr'><strong>ipso</strong></span> <span class='ocrx_word' id='word_1_21' title='bbox 257 587 311 645; x_wconf 89' lang='lat' dir='ltr'><strong>illo</strong></span> <span class='ocrx_word' id='word_1_22' title='bbox 329 587 533 646; x_wconf 85' lang='lat' dir='ltr'><strong>vetustissimo</strong></span> <span class='ocrx_word' id='word_1_23' title='bbox 551 585 628 645; x_wconf 89' lang='lat' dir='ltr'><strong>libro</strong></span> <span class='ocrx_word' id='word_1_24' title='bbox 648 606 716 645; x_wconf 91' lang='lat' dir='ltr'><strong>eum</strong></span> <span class='ocrx_word' id='word_1_25' title='bbox 734 587 947 663; x_wconf 86' lang='lat' dir='ltr'><strong>transcriptum</strong></span> <span class='ocrx_word' id='word_1_26' title='bbox 966 603 1028 646; x_wconf 86' lang='lat' dir='ltr'><strong>esse</strong></span> <span class='ocrx_word' id='word_1_27' title='bbox 1047 590 1189 661; x_wconf 88' lang='lat' dir='ltr'><strong>censeret,</strong></span> 
     </span>
     <span class='ocr_line' id='line_1_5' title="bbox 167 683 1189 745; baseline 0.002 -3"><span class='ocrx_word' id='word_1_28' title='bbox 167 685 357 743; x_wconf 77' lang='lat' dir='ltr'><strong>vehementer</strong></span> <span class='ocrx_word' id='word_1_29' title='bbox 384 685 462 745; x_wconf 90' lang='lat' dir='ltr'><strong>hunc</strong></span> <span class='ocrx_word' id='word_1_30' title='bbox 494 687 662 744; x_wconf 74' lang='lat' dir='ltr'><strong>amaturum</strong></span> <span class='ocrx_word' id='word_1_31' title='bbox 689 701 751 744; x_wconf 89' lang='lat' dir='ltr'><strong>esse</strong></span> <span class='ocrx_word' id='word_1_32' title='bbox 780 683 915 743; x_wconf 75' lang='lat' dir='ltr'><strong>arbitror.</strong></span> <span class='ocrx_word' id='word_1_33' title='bbox 966 703 1036 744; x_wconf 90' lang='lat' dir='ltr'><strong>nam</strong></span> <span class='ocrx_word' id='word_1_34' title='bbox 1069 687 1189 744; x_wconf 78' lang='lat' dir='ltr'><strong>exstant</strong></span> 
     </span>
     <span class='ocr_line' id='line_1_6' title="bbox 167 782 1186 860; baseline -0.002 -18"><span class='ocrx_word' id='word_1_35' title='bbox 167 783 294 860; x_wconf 78' lang='lat' dir='ltr'><strong>vestigia</strong></span> <span class='ocrx_word' id='word_1_36' title='bbox 321 801 381 842; x_wconf 91' lang='lat' dir='ltr'><strong>non</strong></span> <span class='ocrx_word' id='word_1_37' title='bbox 409 783 482 842; x_wconf 84' lang='lat' dir='ltr'><strong>adeo</strong></span> <span class='ocrx_word' id='word_1_38' title='bbox 507 783 616 857; x_wconf 86' lang='lat' dir='ltr'><strong>multa,</strong></span> <span class='ocrx_word' id='word_1_39' title='bbox 644 785 745 842; x_wconf 90' lang='lat' dir='ltr'><strong>tamen</strong></span> <span class='ocrx_word' id='word_1_40' title='bbox 768 784 894 856; x_wconf 83' lang='lat' dir='ltr'><strong>exstant,</strong></span> <span class='ocrx_word' id='word_1_41' title='bbox 918 782 1024 857; x_wconf 86' lang='lat' dir='ltr'><strong>quibus</strong></span> <span class='ocrx_word' id='word_1_42' title='bbox 1047 801 1063 840; x_wconf 87' lang='lat' dir='ltr'><strong>e</strong></span> <span class='ocrx_word' id='word_1_43' title='bbox 1086 800 1186 841; x_wconf 89' lang='lat' dir='ltr'><strong>recen-</strong></span> 
     </span>
     <span class='ocr_line' id='line_1_7' title="bbox 166 878 1185 956; baseline -0.001 -16"><span class='ocrx_word' id='word_1_44' title='bbox 166 881 242 941; x_wconf 89' lang='lat' dir='ltr'><strong>tiore</strong></span> <span class='ocrx_word' id='word_1_45' title='bbox 261 880 391 956; x_wconf 88' lang='lat' dir='ltr'><strong>quodam</strong></span> <span class='ocrx_word' id='word_1_46' title='bbox 409 879 508 938; x_wconf 91' lang='lat' dir='ltr'><strong>codice</strong></span> <span class='ocrx_word' id='word_1_47' title='bbox 527 879 712 939; x_wconf 88' lang='lat' dir='ltr'><strong>Puteanoum</strong></span> <span class='ocrx_word' id='word_1_48' title='bbox 730 879 848 938; x_wconf 85' lang='lat' dir='ltr'><strong>fluxisse</strong></span> <span class='ocrx_word' id='word_1_49' title='bbox 867 878 1016 954; x_wconf 75' lang='lat' dir='ltr'><strong>probetur.</strong></span> <span class='ocrx_word' id='word_1_50' title='bbox 1045 879 1185 940; x_wconf 87' lang='lat' dir='ltr'><strong>librarius</strong></span> 
     </span>
     <span class='ocr_line' id='line_1_8' title="bbox 169 977 1186 1053; baseline 0 -18"><span class='ocrx_word' id='word_1_51' title='bbox 169 978 249 1036; x_wconf 89' lang='lat' dir='ltr'><strong>enim</strong></span> <span class='ocrx_word' id='word_1_52' title='bbox 277 978 348 1036; x_wconf 91' lang='lat' dir='ltr'><strong>licet</strong></span> <span class='ocrx_word' id='word_1_53' title='bbox 374 979 407 1034; x_wconf 90' lang='lat' dir='ltr'><strong>in</strong></span> <span class='ocrx_word' id='word_1_54' title='bbox 436 979 615 1052; x_wconf 88' lang='lat' dir='ltr'><strong>universum,</strong></span> <span class='ocrx_word' id='word_1_55' title='bbox 644 997 733 1053; x_wconf 88' lang='lat' dir='ltr'><strong>quem</strong></span> <span class='ocrx_word' id='word_1_56' title='bbox 760 980 828 1037; x_wconf 89' lang='lat' dir='ltr'><strong>ante</strong></span> <span class='ocrx_word' id='word_1_57' title='bbox 857 995 887 1036; x_wconf 91' lang='lat' dir='ltr'><strong>se</strong></span> <span class='ocrx_word' id='word_1_58' title='bbox 909 977 1041 1036; x_wconf 85' lang='lat' dir='ltr'><strong>habebat</strong></span> <span class='ocrx_word' id='word_1_59' title='bbox 1067 977 1186 1052; x_wconf 84' lang='lat' dir='ltr'><strong>librum,</strong></span> 
     </span>
     <span class='ocr_line' id='line_1_9' title="bbox 166 1073 1185 1150; baseline 0 -16"><span class='ocrx_word' id='word_1_60' title='bbox 166 1076 240 1134; x_wconf 83' lang='lat' dir='ltr'><strong>setis</strong></span> <span class='ocrx_word' id='word_1_61' title='bbox 258 1073 387 1133; x_wconf 84' lang='lat' dir='ltr'><strong>fideliter</strong></span> <span class='ocrx_word' id='word_1_62' title='bbox 405 1076 589 1150; x_wconf 84' lang='lat' dir='ltr'><strong>expresserit,</strong></span> <span class='ocrx_word' id='word_1_63' title='bbox 612 1077 714 1134; x_wconf 86' lang='lat' dir='ltr'><strong>tamen</strong></span> <span class='ocrx_word' id='word_1_64' title='bbox 735 1075 784 1134; x_wconf 89' lang='lat' dir='ltr'><strong>hic</strong></span> <span class='ocrx_word' id='word_1_65' title='bbox 806 1075 870 1133; x_wconf 89' lang='lat' dir='ltr'><strong>illic</strong></span> <span class='ocrx_word' id='word_1_66' title='bbox 893 1075 1063 1134; x_wconf 88' lang='lat' dir='ltr'><strong>litterarum</strong></span> <span class='ocrx_word' id='word_1_67' title='bbox 1081 1075 1185 1134; x_wconf 84' lang='lat' dir='ltr'><strong>formis</strong></span> 
     </span>
     <span class='ocr_line' id='line_1_10' title="bbox 165 1172 1185 1248; baseline 0.003 -19"><span class='ocrx_word' id='word_1_68' title='bbox 165 1191 241 1247; x_wconf 88' lang='lat' dir='ltr'><strong>quae</strong></span> <span class='ocrx_word' id='word_1_69' title='bbox 265 1174 351 1230; x_wconf 88' lang='lat' dir='ltr'><strong>erant</strong></span> <span class='ocrx_word' id='word_1_70' title='bbox 373 1173 405 1230; x_wconf 91' lang='lat' dir='ltr'><strong>in</strong></span> <span class='ocrx_word' id='word_1_71' title='bbox 428 1172 603 1248; x_wconf 84' lang='lat' dir='ltr'><strong>exemplari,</strong></span> <span class='ocrx_word' id='word_1_72' title='bbox 627 1174 660 1231; x_wconf 92' lang='lat' dir='ltr'><strong>in</strong></span> <span class='ocrx_word' id='word_1_73' title='bbox 683 1191 812 1232; x_wconf 90' lang='lat' dir='ltr'><strong>errorem</strong></span> <span class='ocrx_word' id='word_1_74' title='bbox 834 1172 973 1232; x_wconf 89' lang='lat' dir='ltr'><strong>inductus</strong></span> <span class='ocrx_word' id='word_1_75' title='bbox 997 1175 1041 1232; x_wconf 89' lang='lat' dir='ltr'><strong>est</strong></span> <span class='ocrx_word' id='word_1_76' title='bbox 1063 1174 1112 1232; x_wconf 83' lang='lat' dir='ltr'><strong>vel</strong></span> <span class='ocrx_word' id='word_1_77' title='bbox 1134 1189 1185 1232; x_wconf 81' lang='lat' dir='ltr'><strong>eas</strong></span> 
     </span>
     <span class='ocr_line' id='line_1_11' title="bbox 164 1269 1184 1346; baseline 0 -18"><span class='ocrx_word' id='word_1_78' title='bbox 164 1271 226 1328; x_wconf 87' lang='lat' dir='ltr'><strong>sive</strong></span> <span class='ocrx_word' id='word_1_79' title='bbox 255 1269 390 1330; x_wconf 86' lang='lat' dir='ltr'><strong>consulto</strong></span> <span class='ocrx_word' id='word_1_80' title='bbox 418 1271 479 1329; x_wconf 87' lang='lat' dir='ltr'><strong>sive</strong></span> <span class='ocrx_word' id='word_1_81' title='bbox 507 1270 633 1330; x_wconf 83' lang='lat' dir='ltr'><strong>fortuito</strong></span> <span class='ocrx_word' id='word_1_82' title='bbox 660 1272 789 1346; x_wconf 88' lang='lat' dir='ltr'><strong>repetiit.</strong></span> <span class='ocrx_word' id='word_1_83' title='bbox 836 1290 894 1346; x_wconf 93' lang='lat' dir='ltr'><strong>quo</strong></span> <span class='ocrx_word' id='word_1_84' title='bbox 922 1273 955 1329; x_wconf 93' lang='lat' dir='ltr'><strong>in</strong></span> <span class='ocrx_word' id='word_1_85' title='bbox 982 1289 1105 1330; x_wconf 88' lang='lat' dir='ltr'><strong>numero</strong></span> <span class='ocrx_word' id='word_1_86' title='bbox 1128 1271 1184 1328; x_wconf 93' lang='lat' dir='ltr'><strong>im-</strong></span> 
     </span>
     <span class='ocr_line' id='line_1_12' title="bbox 163 1366 1185 1444; baseline 0 -18"><span class='ocrx_word' id='word_1_87' title='bbox 163 1368 267 1443; x_wconf 83' lang='lat' dir='ltr'><strong>primis</strong></span> <span class='ocrx_word' id='word_1_88' title='bbox 298 1367 354 1426; x_wconf 92' lang='lat' dir='ltr'><strong>hoc</strong></span> <span class='ocrx_word' id='word_1_89' title='bbox 385 1366 555 1426; x_wconf 84' lang='lat' dir='ltr'><strong>habendum</strong></span> <span class='ocrx_word' id='word_1_90' title='bbox 587 1371 632 1426; x_wconf 90' lang='lat' dir='ltr'><strong>cst</strong></span> <span class='ocrx_word' id='word_1_91' title='bbox 660 1367 739 1443; x_wconf 90' lang='lat' dir='ltr'><strong>quod</strong></span> <span class='ocrx_word' id='word_1_92' title='bbox 765 1369 884 1427; x_wconf 85' lang='lat' dir='ltr'><strong>litterae</strong></span> <span class='ocrx_word' id='word_1_93' title='bbox 911 1387 931 1428; x_wconf 86' lang='lat' dir='ltr'><strong>u</strong></span> <span class='ocrx_word' id='word_1_94' title='bbox 959 1371 989 1426; x_wconf 90' lang='lat' dir='ltr'><strong>et</strong></span> <span class='ocrx_word' id='word_1_95' title='bbox 1015 1386 1037 1426; x_wconf 81' lang='lat' dir='ltr'><strong>u</strong></span> <span class='ocrx_word' id='word_1_96' title='bbox 1066 1369 1185 1444; x_wconf 87' lang='lat' dir='ltr'><strong>saepius</strong></span> 
     </span>
     <span class='ocr_line' id='line_1_13' title="bbox 163 1449 1184 1542; baseline 0.003 -21"><span class='ocrx_word' id='word_1_97' title='bbox 163 1464 243 1523; x_wconf 89' lang='lat' dir='ltr'><strong>inter</strong></span> <span class='ocrx_word' id='word_1_98' title='bbox 266 1483 296 1526; x_wconf 87' lang='lat' dir='ltr'><strong>se</strong></span> <span class='ocrx_word' id='word_1_99' title='bbox 320 1449 548 1526; x_wconf 74' lang='lat' dir='ltr'><strong>commutentur.</strong></span> <span class='ocrx_word' id='word_1_100' title='bbox 595 1465 646 1525; x_wconf 89' lang='lat' dir='ltr'><strong>sed</strong></span> <span class='ocrx_word' id='word_1_101' title='bbox 669 1483 743 1542; x_wconf 91' lang='lat' dir='ltr'><strong>opus</strong></span> <span class='ocrx_word' id='word_1_102' title='bbox 767 1467 870 1524; x_wconf 87' lang='lat' dir='ltr'><strong>estex</strong></span> <span class='ocrx_word' id='word_1_103' title='bbox 893 1465 1042 1524; x_wconf 81' lang='lat' dir='ltr'><strong>Thebaide</strong></span> <span class='ocrx_word' id='word_1_104' title='bbox 1067 1483 1184 1541; x_wconf 90' lang='lat' dir='ltr'><strong>quoquc</strong></span> 
     </span>
     <span class='ocr_line' id='line_1_14' title="bbox 164 1562 1183 1641; baseline 0.002 -21"><span class='ocrx_word' id='word_1_105' title='bbox 164 1563 299 1639; x_wconf 86' lang='lat' dir='ltr'><strong>exempla</strong></span> <span class='ocrx_word' id='word_1_106' title='bbox 319 1582 484 1641; x_wconf 83' lang='lat' dir='ltr'><strong>congerere,</strong></span> <span class='ocrx_word' id='word_1_107' title='bbox 502 1566 660 1639; x_wconf 87' lang='lat' dir='ltr'><strong>propterea</strong></span> <span class='ocrx_word' id='word_1_108' title='bbox 679 1562 758 1640; x_wconf 90' lang='lat' dir='ltr'><strong>quod</strong></span> <span class='ocrx_word' id='word_1_109' title='bbox 777 1562 937 1622; x_wconf 79' lang='lat' dir='ltr'><strong>admodum</strong></span> <span class='ocrx_word' id='word_1_110' title='bbox 954 1581 1023 1622; x_wconf 87' lang='lat' dir='ltr'><strong>raro</strong></span> <span class='ocrx_word' id='word_1_111' title='bbox 1042 1562 1183 1622; x_wconf 88' lang='lat' dir='ltr'><strong>librarius</strong></span> 
     </span>
     <span class='ocr_line' id='line_1_15' title="bbox 162 1660 1184 1738; baseline 0.002 -20"><span class='ocrx_word' id='word_1_112' title='bbox 162 1660 204 1718; x_wconf 88' lang='lat' dir='ltr'><strong>sic</strong></span> <span class='ocrx_word' id='word_1_113' title='bbox 231 1662 375 1736; x_wconf 87' lang='lat' dir='ltr'><strong>peccavit.</strong></span> <span class='ocrx_word' id='word_1_114' title='bbox 425 1662 586 1736; x_wconf 79' lang='lat' dir='ltr'><strong>praemitto</strong></span> <span class='ocrx_word' id='word_1_115' title='bbox 615 1663 715 1720; x_wconf 88' lang='lat' dir='ltr'><strong>autem</strong></span> <span class='ocrx_word' id='word_1_116' title='bbox 747 1661 948 1737; x_wconf 86' lang='lat' dir='ltr'><strong>compluribus</strong></span> <span class='ocrx_word' id='word_1_117' title='bbox 976 1662 1048 1720; x_wconf 89' lang='lat' dir='ltr'><strong>locis</strong></span> <span class='ocrx_word' id='word_1_118' title='bbox 1080 1679 1134 1738; x_wconf 90' lang='lat' dir='ltr'><strong>pro</strong></span> <span class='ocrx_word' id='word_1_119' title='bbox 1163 1681 1184 1720; x_wconf 88' lang='lat' dir='ltr'><strong>a</strong></span> 
     </span>
     <span class='ocr_line' id='line_1_16' title="bbox 162 1757 1180 1833; baseline 0.001 -17"><span class='ocrx_word' id='word_1_120' title='bbox 162 1758 305 1833; x_wconf 88' lang='lat' dir='ltr'><strong>scriptam</strong></span> <span class='ocrx_word' id='word_1_121' title='bbox 332 1775 394 1816; x_wconf 90' lang='lat' dir='ltr'><strong>esse</strong></span> <span class='ocrx_word' id='word_1_122' title='bbox 422 1757 499 1816; x_wconf 89' lang='lat' dir='ltr'><strong>hanc</strong></span> <span class='ocrx_word' id='word_1_123' title='bbox 526 1757 654 1816; x_wconf 84' lang='lat' dir='ltr'><strong>formam</strong></span> <span class='ocrx_word' id='word_1_124' title='bbox 680 1775 720 1832; x_wconf 78' lang='lat' dir='ltr'><strong>cc,</strong></span> <span class='ocrx_word' id='word_1_125' title='bbox 747 1758 830 1816; x_wconf 86' lang='lat' dir='ltr'><strong>velut</strong></span> <span class='ocrx_word' id='word_1_126' title='bbox 852 1758 925 1818; x_wconf 85' lang='lat' dir='ltr'><strong>Ach.</strong></span> <span class='ocrx_word' id='word_1_127' title='bbox 944 1758 960 1818; x_wconf 94' lang='lat' dir='ltr'>I</span> <span class='ocrx_word' id='word_1_128' title='bbox 979 1760 1042 1817; x_wconf 83' lang='grc'><strong>223</strong></span> <span class='ocrx_word' id='word_1_129' title='bbox 1066 1760 1180 1830; x_wconf 67' lang='lat' dir='ltr'><strong>sonora</strong></span> 
     </span>
     <span class='ocr_line' id='line_1_17' title="bbox 162 1847 1184 1936; baseline 0.001 -24"><span class='ocrx_word' id='word_1_130' title='bbox 162 1853 252 1912; x_wconf 84' lang='lat' dir='ltr'><strong>Theb.</strong></span> <span class='ocrx_word' id='word_1_131' title='bbox 267 1854 326 1913; x_wconf 90' lang='lat' dir='ltr'><strong>VH</strong></span> <span class='ocrx_word' id='word_1_132' title='bbox 341 1855 405 1913; x_wconf 83' lang='lat'><strong>348</strong></span> <span class='ocrx_word' id='word_1_133' title='bbox 425 1855 529 1914; x_wconf 72' lang='lat' dir='ltr'><strong>literam</strong></span> <span class='ocrx_word' id='word_1_134' title='bbox 548 1847 621 1936; x_wconf 89' lang='lat' dir='ltr'><strong>(quo</strong></span> <span class='ocrx_word' id='word_1_135' title='bbox 635 1856 700 1916; x_wconf 91' lang='lat' dir='ltr'><strong>loco</strong></span> <span class='ocrx_word' id='word_1_136' title='bbox 714 1855 763 1915; x_wconf 88' lang='lat' dir='ltr'><strong>vel</strong></span> <span class='ocrx_word' id='word_1_137' title='bbox 777 1855 983 1916; x_wconf 86' lang='lat' dir='ltr'><strong>Kohlmannus</strong></span> <span class='ocrx_word' id='word_1_138' title='bbox 1002 1858 1069 1916; x_wconf 76' lang='lat' dir='ltr'><strong>cim</strong></span> <span class='ocrx_word' id='word_1_139' title='bbox 1084 1849 1184 1936; x_wconf 83' lang='lat' dir='ltr'><strong>legit),</strong></span> 
     </span>
     <span class='ocr_line' id='line_1_18' title="bbox 164 1944 1184 2034; baseline 0.002 -24"><span class='ocrx_word' id='word_1_140' title='bbox 164 1950 254 2010; x_wconf 81' lang='lat' dir='ltr'><strong>Theb.</strong></span> <span class='ocrx_word' id='word_1_141' title='bbox 273 1952 301 2010; x_wconf 92' lang='lat' dir='ltr'>X</span> <span class='ocrx_word' id='word_1_142' title='bbox 322 1954 384 2010; x_wconf 80' lang='lat'><strong>724</strong></span> <span class='ocrx_word' id='word_1_143' title='bbox 408 1944 512 2034; x_wconf 52' lang='lat' dir='ltr'><strong>usust)</strong></span> <span class='ocrx_word' id='word_1_144' title='bbox 559 1955 666 2012; x_wconf 88' lang='lat' dir='ltr'><strong>erroris</strong></span> <span class='ocrx_word' id='word_1_145' title='bbox 690 1955 791 2012; x_wconf 86' lang='lat' dir='ltr'><strong>autem</strong></span> <span class='ocrx_word' id='word_1_146' title='bbox 813 1954 907 2030; x_wconf 88' lang='lat' dir='ltr'><strong>ipsius</strong></span> <span class='ocrx_word' id='word_1_147' title='bbox 930 1954 1003 2012; x_wconf 91' lang='lat' dir='ltr'><strong>haec</strong></span> <span class='ocrx_word' id='word_1_148' title='bbox 1026 1953 1087 2012; x_wconf 84' lang='lat' dir='ltr'><strong>fero</strong></span> <span class='ocrx_word' id='word_1_149' title='bbox 1111 1956 1184 2012; x_wconf 88' lang='lat' dir='ltr'><strong>sunt</strong></span> 
     </span>
     <span class='ocr_line' id='line_1_19' title="bbox 161 2050 308 2125; baseline 0.007 -17"><span class='ocrx_word' id='word_1_150' title='bbox 161 2050 308 2125; x_wconf 87' lang='lat' dir='ltr'><strong>exempla:</strong></span> 
     </span>
    </p>
   </div>
   <div class='ocr_carea' id='block_1_3' title="bbox 272 2157 1101 2965">
    <p class='ocr_par' dir='ltr' id='par_1_3' title="bbox 272 2157 1101 2965">
     <span class='ocr_line' id='line_1_20' title="bbox 272 2157 878 2260; baseline 0.003 -2"><span class='ocrx_word' id='word_1_151' title='bbox 272 2200 363 2258; x_wconf 78' lang='lat' dir='ltr'><strong>Theb.</strong></span> <span class='ocrx_word' id='word_1_152' title='bbox 382 2201 414 2258; x_wconf 90' lang='lat' dir='ltr'>H</span> <span class='ocrx_word' id='word_1_153' title='bbox 433 2200 497 2258; x_wconf 86' lang='grc'><strong>454</strong></span> <span class='ocrx_word' id='word_1_154' title='bbox 520 2157 626 2260; x_wconf 61' lang='lat' dir='ltr'><strong>rubros</strong></span> <span class='ocrx_word' id='word_1_155' title='bbox 648 2194 701 2260; x_wconf 83' lang='lat'><strong>1²¹:</strong></span> <span class='ocrx_word' id='word_1_156' title='bbox 724 2218 824 2260; x_wconf 79' lang='lat' dir='ltr'><strong>muros</strong></span> <span class='ocrx_word' id='word_1_157' title='bbox 847 2217 878 2260; x_wconf 85' lang='grc' dir='ltr'>ω</span> 
     </span>
     <span class='ocr_line' id='line_1_21' title="bbox 366 2291 1101 2381; baseline 0.007 -26"><span class='ocrx_word' id='word_1_158' title='bbox 366 2297 413 2355; x_wconf 92' lang='grc' dir='ltr'><strong>ΠΙ</strong></span> <span class='ocrx_word' id='word_1_159' title='bbox 456 2299 495 2355; x_wconf 82' lang='grc'><strong>79</strong></span> <span class='ocrx_word' id='word_1_160' title='bbox 520 2301 624 2372; x_wconf 67' lang='lat' dir='ltr'><strong>floccis</strong></span> <span class='ocrx_word' id='word_1_161' title='bbox 641 2302 681 2357; x_wconf 88' lang='lat' dir='ltr'><strong>P:</strong></span> <span class='ocrx_word' id='word_1_162' title='bbox 694 2299 836 2374; x_wconf 69' lang='lat' dir='ltr'><strong>priapos</strong></span> <span class='ocrx_word' id='word_1_163' title='bbox 855 2297 923 2372; x_wconf 86' lang='lat' dir='ltr'><strong>(vel.</strong></span> <span class='ocrx_word' id='word_1_164' title='bbox 939 2291 1018 2380; x_wconf 89' lang='lat' dir='ltr'><strong>sim.)</strong></span> <span class='ocrx_word' id='word_1_165' title='bbox 1039 2293 1101 2381; x_wconf 66' lang='lat'><strong>02²)</strong></span> 
     </span>
     <span class='ocr_line' id='line_1_22' title="bbox 366 2394 864 2455; baseline 0.006 -3"><span class='ocrx_word' id='word_1_166' title='bbox 366 2394 413 2452; x_wconf 83' lang='lat' dir='ltr'><strong>ill</strong></span> <span class='ocrx_word' id='word_1_167' title='bbox 433 2395 495 2453; x_wconf 88' lang='grc'><strong>343</strong></span> <span class='ocrx_word' id='word_1_168' title='bbox 520 2395 625 2454; x_wconf 77' lang='lat' dir='ltr'><strong>suadet</strong></span> <span class='ocrx_word' id='word_1_169' title='bbox 645 2399 684 2454; x_wconf 88' lang='lat' dir='ltr'><strong>P:</strong></span> <span class='ocrx_word' id='word_1_170' title='bbox 707 2396 812 2454; x_wconf 78' lang='lat' dir='ltr'><strong>suadet</strong></span> <span class='ocrx_word' id='word_1_171' title='bbox 834 2413 864 2455; x_wconf 88' lang='grc' dir='ltr'>ω</span> 
     </span>
     <span class='ocr_line' id='line_1_23' title="bbox 366 2492 859 2567; baseline 0.004 -17"><span class='ocrx_word' id='word_1_172' title='bbox 366 2492 414 2550; x_wconf 82' lang='lat' dir='ltr'><strong>HI</strong></span> <span class='ocrx_word' id='word_1_173' title='bbox 434 2493 498 2552; x_wconf 85' lang='lat'><strong>350</strong></span> <span class='ocrx_word' id='word_1_174' title='bbox 522 2497 596 2567; x_wconf 71' lang='lat' dir='ltr'><strong>coac</strong></span> <span class='ocrx_word' id='word_1_175' title='bbox 617 2497 657 2552; x_wconf 89' lang='lat' dir='ltr'><strong>P:</strong></span> <span class='ocrx_word' id='word_1_176' title='bbox 681 2511 805 2566; x_wconf 72' lang='lat' dir='ltr'><strong>acquum</strong></span> <span class='ocrx_word' id='word_1_177' title='bbox 828 2509 859 2552; x_wconf 85' lang='grc' dir='ltr'>ω</span> 
     </span>
     <span class='ocr_line' id='line_1_24' title="bbox 365 2589 855 2664; baseline 0.004 -16"><span class='ocrx_word' id='word_1_178' title='bbox 365 2589 409 2648; x_wconf 92' lang='lat' dir='ltr'><strong>IV</strong></span> <span class='ocrx_word' id='word_1_179' title='bbox 429 2591 491 2650; x_wconf 84' lang='grc'><strong>241</strong></span> <span class='ocrx_word' id='word_1_180' title='bbox 511 2593 616 2664; x_wconf 73' lang='lat' dir='ltr'><strong>paura</strong></span> <span class='ocrx_word' id='word_1_181' title='bbox 638 2595 677 2650; x_wconf 91' lang='lat' dir='ltr'><strong>P:</strong></span> <span class='ocrx_word' id='word_1_182' title='bbox 695 2594 801 2663; x_wconf 67' lang='lat' dir='ltr'><strong>putria</strong></span> <span class='ocrx_word' id='word_1_183' title='bbox 824 2607 855 2650; x_wconf 85' lang='grc' dir='ltr'>ω</span> 
     </span>
     <span class='ocr_line' id='line_1_25' title="bbox 363 2687 887 2764; baseline 0.002 -18"><span class='ocrx_word' id='word_1_184' title='bbox 363 2687 408 2746; x_wconf 87' lang='lat' dir='ltr'><strong>IV</strong></span> <span class='ocrx_word' id='word_1_185' title='bbox 427 2689 490 2748; x_wconf 88' lang='grc'><strong>386</strong></span> <span class='ocrx_word' id='word_1_186' title='bbox 514 2689 631 2764; x_wconf 71' lang='lat' dir='ltr'><strong>lycorpo</strong></span> <span class='ocrx_word' id='word_1_187' title='bbox 653 2693 693 2750; x_wconf 86' lang='lat' dir='ltr'><strong>P:</strong></span> <span class='ocrx_word' id='word_1_188' title='bbox 716 2689 833 2764; x_wconf 70' lang='lat' dir='ltr'><strong>lpourpo</strong></span> <span class='ocrx_word' id='word_1_189' title='bbox 857 2705 887 2747; x_wconf 87' lang='grc' dir='ltr'>ω</span> 
     </span>
     <span class='ocr_line' id='line_1_26' title="bbox 363 2785 907 2860; baseline 0.004 -17"><span class='ocrx_word' id='word_1_190' title='bbox 363 2785 407 2843; x_wconf 88' lang='lat' dir='ltr'><strong>IV</strong></span> <span class='ocrx_word' id='word_1_191' title='bbox 427 2786 490 2845; x_wconf 82' lang='lat'><strong>395</strong></span> <span class='ocrx_word' id='word_1_192' title='bbox 508 2787 611 2860; x_wconf 67' lang='lat' dir='ltr'><strong>pseud</strong></span> <span class='ocrx_word' id='word_1_193' title='bbox 632 2790 672 2844; x_wconf 89' lang='lat' dir='ltr'><strong>P:</strong></span> <span class='ocrx_word' id='word_1_194' title='bbox 689 2787 853 2859; x_wconf 71' lang='lat' dir='ltr'><strong>profanam</strong></span> <span class='ocrx_word' id='word_1_195' title='bbox 877 2803 907 2845; x_wconf 88' lang='grc' dir='ltr'>ω</span> 
     </span>
     <span class='ocr_line' id='line_1_27' title="bbox 363 2875 885 2965; baseline 0.004 -24"><span class='ocrx_word' id='word_1_196' title='bbox 363 2882 407 2941; x_wconf 90' lang='lat' dir='ltr'><strong>IV</strong></span> <span class='ocrx_word' id='word_1_197' title='bbox 427 2884 490 2943; x_wconf 89' lang='lat'><strong>803</strong></span> <span class='ocrx_word' id='word_1_198' title='bbox 514 2881 612 2942; x_wconf 81' lang='lat' dir='ltr'><strong>Arcas</strong></span> <span class='ocrx_word' id='word_1_199' title='bbox 634 2887 674 2942; x_wconf 90' lang='lat' dir='ltr'><strong>P:</strong></span> <span class='ocrx_word' id='word_1_200' title='bbox 697 2881 799 2958; x_wconf 76' lang='lat' dir='ltr'><strong>Arpos</strong></span> <span class='ocrx_word' id='word_1_201' title='bbox 822 2875 885 2965; x_wconf 67' lang='lat'><strong>02⁸)</strong></span> 
     </span>
    </p>
   </div>
   <div class='ocr_carea' id='block_1_4' title="bbox 152 3111 1176 3663">
    <p class='ocr_par' dir='ltr' id='par_1_4' title="bbox 155 3111 1176 3261">
     <span class='ocr_line' id='line_1_28' title="bbox 227 3111 1176 3184; baseline 0.004 -18"><span class='ocrx_word' id='word_1_202' title='bbox 227 3113 254 3182; x_wconf 83' lang='lat'><strong>1)</strong></span> <span class='ocrx_word' id='word_1_203' title='bbox 273 3111 360 3166; x_wconf 82' lang='lat' dir='ltr'><strong>etium</strong></span> <span class='ocrx_word' id='word_1_204' title='bbox 377 3113 446 3167; x_wconf 91' lang='lat' dir='ltr'><strong>Ach.</strong></span> <span class='ocrx_word' id='word_1_205' title='bbox 465 3113 479 3166; x_wconf 97' lang='lat' dir='ltr'>I</span> <span class='ocrx_word' id='word_1_206' title='bbox 497 3117 548 3166; x_wconf 80' lang='grc'><strong>519</strong></span> <span class='ocrx_word' id='word_1_207' title='bbox 568 3113 598 3166; x_wconf 92' lang='lat' dir='ltr'><strong>in</strong></span> <span class='ocrx_word' id='word_1_208' title='bbox 620 3113 714 3168; x_wconf 81' lang='lat' dir='ltr'><strong>medie</strong></span> <span class='ocrx_word' id='word_1_209' title='bbox 732 3114 808 3168; x_wconf 87' lang='lat' dir='ltr'><strong>vocis</strong></span> <span class='ocrx_word' id='word_1_210' title='bbox 832 3115 949 3182; x_wconf 81' lang='lat' dir='ltr'><strong>adfatur</strong></span> <span class='ocrx_word' id='word_1_211' title='bbox 968 3114 1078 3184; x_wconf 77' lang='lat' dir='ltr'><strong>syllaba</strong></span> <span class='ocrx_word' id='word_1_212' title='bbox 1097 3134 1115 3170; x_wconf 86' lang='lat' dir='ltr'><strong>a</strong></span> <span class='ocrx_word' id='word_1_213' title='bbox 1134 3116 1176 3170; x_wconf 88' lang='lat' dir='ltr'><strong>sio</strong></span> 
     </span>
     <span class='ocr_line' id='line_1_29' title="bbox 155 3190 744 3261; baseline -0.003 -15"><span class='ocrx_word' id='word_1_214' title='bbox 155 3190 291 3261; x_wconf 88' lang='lat' dir='ltr'><strong>scriptum</strong></span> <span class='ocrx_word' id='word_1_215' title='bbox 309 3193 360 3260; x_wconf 80' lang='lat' dir='ltr'><strong>est,</strong></span> <span class='ocrx_word' id='word_1_216' title='bbox 378 3193 411 3246; x_wconf 88' lang='lat' dir='ltr'><strong>ut</strong></span> <span class='ocrx_word' id='word_1_217' title='bbox 429 3191 521 3246; x_wconf 88' lang='lat' dir='ltr'><strong>simile</strong></span> <span class='ocrx_word' id='word_1_218' title='bbox 535 3193 573 3246; x_wconf 87' lang='lat' dir='ltr'><strong>sit</strong></span> <span class='ocrx_word' id='word_1_219' title='bbox 590 3193 703 3248; x_wconf 86' lang='lat' dir='ltr'><strong>litterae</strong></span> <span class='ocrx_word' id='word_1_220' title='bbox 717 3211 744 3249; x_wconf 78' lang='lat' dir='ltr'><strong>u.</strong></span> 
     </span>
    </p>

    <p class='ocr_par' dir='ltr' id='par_1_5' title="bbox 152 3273 1174 3487">
     <span class='ocr_line' id='line_1_30' title="bbox 226 3273 1173 3342; baseline 0.003 -16"><span class='ocrx_word' id='word_1_221' title='bbox 226 3273 253 3342; x_wconf 81' lang='lat'><strong>2)</strong></span> <span class='ocrx_word' id='word_1_222' title='bbox 271 3273 367 3326; x_wconf 89' lang='lat' dir='ltr'><strong>utrum</strong></span> <span class='ocrx_word' id='word_1_223' title='bbox 385 3273 442 3326; x_wconf 81' lang='lat' dir='ltr'><strong>-uis</strong></span> <span class='ocrx_word' id='word_1_224' title='bbox 461 3288 497 3325; x_wconf 87' lang='lat' dir='ltr'><strong>an</strong></span> <span class='ocrx_word' id='word_1_225' title='bbox 515 3274 573 3327; x_wconf 59' lang='lat' dir='ltr'><strong>aas</strong></span> <span class='ocrx_word' id='word_1_226' title='bbox 586 3273 705 3328; x_wconf 84' lang='lat' dir='ltr'><strong>voluerit</strong></span> <span class='ocrx_word' id='word_1_227' title='bbox 718 3273 851 3328; x_wconf 87' lang='lat' dir='ltr'><strong>librarius</strong></span> <span class='ocrx_word' id='word_1_228' title='bbox 865 3275 911 3328; x_wconf 87' lang='lat' dir='ltr'><strong>vix</strong></span> <span class='ocrx_word' id='word_1_229' title='bbox 924 3275 992 3330; x_wconf 85' lang='lat' dir='ltr'><strong>licet</strong></span> <span class='ocrx_word' id='word_1_230' title='bbox 1007 3274 1173 3330; x_wconf 86' lang='lat' dir='ltr'><strong>discernere.</strong></span> 
     </span>
     <span class='ocr_line' id='line_1_31' title="bbox 154 3351 1174 3424; baseline 0.004 -19"><span class='ocrx_word' id='word_1_231' title='bbox 154 3351 275 3407; x_wconf 85' lang='lat' dir='ltr'><strong>fortasse</strong></span> <span class='ocrx_word' id='word_1_232' title='bbox 298 3352 359 3421; x_wconf 88' lang='lat' dir='ltr'><strong>ipsc</strong></span> <span class='ocrx_word' id='word_1_233' title='bbox 383 3351 525 3405; x_wconf 81' lang='lat' dir='ltr'><strong>dubitavit</strong></span> <span class='ocrx_word' id='word_1_234' title='bbox 547 3353 577 3405; x_wconf 92' lang='lat' dir='ltr'><strong>in</strong></span> <span class='ocrx_word' id='word_1_235' title='bbox 600 3353 713 3407; x_wconf 91' lang='lat' dir='ltr'><strong>nomine</strong></span> <span class='ocrx_word' id='word_1_236' title='bbox 730 3354 844 3423; x_wconf 92' lang='lat' dir='ltr'><strong>proprio</strong></span> <span class='ocrx_word' id='word_1_237' title='bbox 862 3371 964 3424; x_wconf 88' lang='lat' dir='ltr'><strong>parum</strong></span> <span class='ocrx_word' id='word_1_238' title='bbox 982 3356 1058 3422; x_wconf 78' lang='lat' dir='ltr'><strong>noto,</strong></span> <span class='ocrx_word' id='word_1_239' title='bbox 1076 3355 1174 3409; x_wconf 88' lang='lat' dir='ltr'><strong>verisi-</strong></span> 
     </span>
     <span class='ocr_line' id='line_1_32' title="bbox 152 3433 447 3487; baseline 0 -2"><span class='ocrx_word' id='word_1_240' title='bbox 152 3433 248 3486; x_wconf 87' lang='lat' dir='ltr'><strong>milius</strong></span> <span class='ocrx_word' id='word_1_241' title='bbox 267 3434 364 3486; x_wconf 86' lang='lat' dir='ltr'><strong>tamen</strong></span> <span class='ocrx_word' id='word_1_242' title='bbox 383 3434 447 3487; x_wconf 70' lang='lat' dir='ltr'><strong>-ara</strong></span> 
     </span>
    </p>

    <p class='ocr_par' dir='ltr' id='par_1_6' title="bbox 152 3511 1171 3663">
     <span class='ocr_line' id='line_1_33' title="bbox 224 3511 1171 3584; baseline 0.004 -20"><span class='ocrx_word' id='word_1_243' title='bbox 224 3515 250 3581; x_wconf 88' lang='lat'><strong>3)</strong></span> <span class='ocrx_word' id='word_1_244' title='bbox 264 3512 294 3564; x_wconf 93' lang='lat' dir='ltr'><strong>iu</strong></span> <span class='ocrx_word' id='word_1_245' title='bbox 309 3511 462 3581; x_wconf 88' lang='lat' dir='ltr'><strong>exemplari</strong></span> <span class='ocrx_word' id='word_1_246' title='bbox 476 3513 568 3566; x_wconf 80' lang='lat' dir='ltr'><strong>Arous</strong></span> <span class='ocrx_word' id='word_1_247' title='bbox 581 3512 716 3581; x_wconf 90' lang='lat' dir='ltr'><strong>scriptum</strong></span> <span class='ocrx_word' id='word_1_248' title='bbox 730 3513 817 3568; x_wconf 78' lang='lat' dir='ltr'><strong>brisso</strong></span> <span class='ocrx_word' id='word_1_249' title='bbox 830 3514 982 3584; x_wconf 79' lang='lat' dir='ltr'><strong>putaveris,</strong></span> <span class='ocrx_word' id='word_1_250' title='bbox 996 3514 1072 3568; x_wconf 92' lang='lat' dir='ltr'><strong>uude</strong></span> <span class='ocrx_word' id='word_1_251' title='bbox 1086 3513 1171 3568; x_wconf 86' lang='lat' dir='ltr'><strong>facile</strong></span> 
     </span>
     <span class='ocr_line' id='line_1_34' title="bbox 152 3590 1034 3663; baseline 0.005 -21"><span class='ocrx_word' id='word_1_252' title='bbox 152 3590 285 3645; x_wconf 87' lang='lat' dir='ltr'><strong>librarius</strong></span> <span class='ocrx_word' id='word_1_253' title='bbox 303 3592 398 3660; x_wconf 87' lang='lat' dir='ltr'><strong>potuit</strong></span> <span class='ocrx_word' id='word_1_254' title='bbox 416 3591 471 3645; x_wconf 89' lang='lat' dir='ltr'><strong>sibi</strong></span> <span class='ocrx_word' id='word_1_255' title='bbox 489 3593 657 3660; x_wconf 87' lang='lat' dir='ltr'><strong>persuadere</strong></span> <span class='ocrx_word' id='word_1_256' title='bbox 675 3593 787 3648; x_wconf 83' lang='lat' dir='ltr'><strong>Arcada</strong></span> <span class='ocrx_word' id='word_1_257' title='bbox 806 3594 863 3648; x_wconf 90' lang='lat' dir='ltr'><strong>dici</strong></span> <span class='ocrx_word' id='word_1_258' title='bbox 880 3611 931 3663; x_wconf 93' lang='lat' dir='ltr'><strong>pro</strong></span> <span class='ocrx_word' id='word_1_259' title='bbox 950 3595 1034 3663; x_wconf 85' lang='lat' dir='ltr'><strong>Argo.</strong></span> 
     </span>
    </p>
   </div>
   <div class='ocr_carea' id='block_1_5' title="bbox 0 0 1304 3880">
    <p class='ocr_par' dir='ltr' id='par_1_7' title="bbox 0 0 1304 3880">
     <span class='ocr_line' id='line_1_35' title="bbox 0 0 1304 3880; baseline 0 5"><span class='ocrx_word' id='word_1_260' title='bbox 0 0 1304 3880; x_wconf 95' lang='lat' dir='ltr'><strong> </strong></span> 
     </span>
    </p>
   </div>
  </div>
 </body>
</html>
