2598 3880
469 233 594 288 Editoris
612 233 760 303 praefatio.

303 400 494 460 sculcta
513 401 626 474 perdas
648 406 688 461 P:
705 385 823 476 pendas
846 395 911 484 (02)

429 500 492 558 693
510 503 632 571 portam
654 504 694 559 P:
713 504 838 574 poetam
861 492 924 582 (οἳ)

172 598 322 672 postremo
351 596 387 656 de
418 599 495 656 miro
524 597 653 672 quodam
680 616 778 657 errore
805 618 903 675 peuce
931 599 995 660 dieo
1019 603 1126 678 quiin

102 694 203 769 priore
235 693 345 752 codicis
375 696 462 770 perte
492 697 611 770 saepius
640 697 804 755 invenitur:
838 697 950 756 similes
983 699 1062 757 enim
1093 702 1126 757 in

103 790 268 867 exemplari
294 791 411 850 litteras
435 808 455 850 a
477 795 508 850 et
530 811 550 852 e
564 782 769 852 'commutavit
796 793 936 854 librarius
964 796 1038 856 locis
1065 795 1125 854 his:

425 942 515 1002 unes.
534 943 582 1002 ΠΙ
603 945 666 1002 ire
689 898 815 1022 raptu}

536 1049 740 1173 moral}

103 1201 231 1275 utroque
251 1202 351 1260 autem
365 1200 430 1260 loeo
444 1201 508 1276 ipse
527 1201 666 1260 mendum
685 1202 815 1262 sustulit.
855 1203 914 1262 huo
932 1203 1019 1264 traho
1033 1205 1125 1263 etiam

104 1297 159 1356 hos
183 1298 277 1358 locos:

374 1394 498 1454 Thebl
540 1397 579 1453 21
605 1387 672 1459 ΜΞ
693 1400 733 1455 Ρι
756 1399 806 1455 cix
828 1414 860 1455 ω

482 1501 860 1628 ΙΙΞΟυὶἑΡευόωω

101 1643 203 1719 priore
231 1643 310 1701 enim
338 1643 403 1702 loco
426 1660 447 1702 a
469 1641 685 1720 suprascribore
713 1645 857 1723 neglexit,
885 1663 1014 1706 errorem
1036 1648 1123 1708 intel·

103 1741 178 1800 lenit
200 1739 349 1826 librarius.
416 1788 417 1792 ,

169 1840 231 1896 iam
253 1857 324 1899 vero
343 1857 377 1898 eo
400 1823 537 1914 perducti
560 1857 669 1916 sumus,
692 1843 727 1900 ut
745 1859 891 1900 summam
911 1841 1124 1919 disputationis

103 1935 265 1996 subducere
289 1937 391 1996 liceat:
414 1937 465 1995 vix
484 1937 570 1995 oredo
589 1940 619 1996 te
641 1939 717 1996 mihi
739 1939 947 2000 oblocuturum
966 1958 1037 2016 esse,
1056 1959 1124 2000 oum

102 2034 248 2093 Puteanei
271 2034 423 2111 exemplar
444 2035 619 2094 minusculis
642 2036 751 2096 litteris
775 2036 918 2112 scriptum
941 2036 1032 2097 fuisso
1056 2056 1123 2096 oon·

102 2132 233 2191 tendere.
276 2131 361 2207 quali
382 2148 453 2190 vero
475 2150 583 2209 genere
605 2133 775 2192 litterarum
798 2136 935 2192 exaratus
958 2134 1051 2194 fuerit
1071 2136 1123 2194 ille

103 2229 194 2288 codex
216 2231 303 2305 pater
326 2228 480 2304 Puteanei,
503 2247 570 2288 oum
590 2229 704 2290 altioris
729 2231 879 2310 indaginis
898 2230 1034 2309 indigeat
1050 2231 1124 2292 haec

104 2313 250 2403 quaestio,
272 2345 351 2386 mmo
373 2345 433 2384 non
455 2311 623 2403 persequor.

169 2427 271 2484 tamen
292 2442 353 2483 non
376 2425 477 2483 omnia
498 2424 606 2483 menda
627 2425 684 2484 hac
706 2445 738 2484 re
757 2426 951 2502 explicantur.
989 2425 1124 2486 sublucet

104 2523 183 2580 enim
206 2522 378 2580 vetustioris
402 2522 511 2581 codicis
533 2522 648 2600 imago,
676 2541 767 2598 quem
789 2542 867 2582 nuno
891 2525 1036 2599 quantum
1058 2523 1124 2583 fieri

4 2695 6 2700 Ι
103 2620 203 2694 potest
230 2617 469 2678 circumscribere
496 2637 646 2678 conamur.
691 2620 892 2679 illudentem
914 2623 1011 2680 teneri
1033 2622 1124 2682 velim

105 2733 181 2790 eum,
204 2717 257 2790 qui
275 2715 459 2775 Puteaneum
482 2717 625 2790 exaravit,
647 2717 738 2776 fiiisse
761 2718 881 2796 linguae
899 2717 1026 2777 Latinae
1049 2719 1122 2779 adeo

103 2814 242 2890 peritum,
261 2816 295 2872 ut
309 2832 385 2888 queo
405 2813 555 2889 scriberet,
570 2812 663 2889 probe
680 2815 875 2892 intellegeret.
910 2815 981 2874 hinc
999 2815 1031 2873 id
1048 2816 1124 2877 mihi

104 2910 182 2970 effici
209 2911 336 2985 videtur,
364 2914 399 2976 ut
427 2911 533 2987 quibus
555 2911 633 2990 ¹loeis
660 2912 778 2971 hiantes
805 2930 907 2972 versus
933 2915 1123 2989 transcripsit

176 3055 202 3123 1)
211 3051 285 3106 false
299 3051 346 3106 hio
356 3053 391 3106 de
405 3051 541 3106 librorum
554 3052 676 3108 lectione
689 3053 801 3108 rettulit
809 3053 1011 3122 Kohlmannus¹
1027 3054 1062 3110 cf.
1073 3073 1122 3125 ap-

103 3134 219 3202 paratus
230 3132 352 3187 criticus.
373 3131 407 3186 de
418 3132 523 3187 oodiois
532 3133 655 3188 Gudiani
665 3136 750 3204 5401)
760 3132 881 3189 lectione
891 3134 998 3189 dubito.
1014 3138 1123 3204 pendas

101 3213 196 3267 exstet
214 3212 301 3266 etiam
319 3212 349 3265 in
368 3211 512 3266 codicibus
530 3213 665 3268 Bernenei
685 3219 735 3268 156
754 3213 916 3275 Monacensi
936 3220 1022 3269 14657
1042 3216 1078 3270 al.

175 3295 201 3362 2)
216 3298 330 3360 portam
343 3291 399 3346 fuit
416 3292 467 3345 ubi
480 3292 522 3345 ita
536 3293 738 3364 intellegerem,
751 3297 784 3348 ut
797 3297 949 3364 postquam
963 3311 997 3348 ex
1010 3295 1121 3350 Aulidis

102 3373 186 3442 portu
204 3374 298 3426 essent
315 3371 436 3441 profecti
451 3371 546 3426 Ulixes
565 3374 595 3426 et
608 3371 767 3439 Diomedes,
784 3373 843 3427 iam
856 3376 982 3443 repetere
997 3373 1122 3427 diceren-

103 3455 149 3506 tur
175 3454 289 3521 portum
318 3452 405 3521 Scyri.
452 3453 501 3506 sed
524 3459 642 3522 poetam
668 3469 765 3506 verum
792 3469 852 3508 esse
879 3453 950 3507 mihi
981 3453 1122 3522 persuasit

102 3530 239 3658 Vollmerb
267 3534 413 3587 resumunt
431 3532 500 3586 sooii
517 3535 644 3601 pontum,
663 3535 814 3602 postquem
832 3539 932 3586 navem
949 3531 1040 3586 ventis
1058 3547 1121 3601 per-

103 3618 225 3658 miserun
241 3645 246 3655 .
