2598 3880
180 241 223 304 12
543 237 573 290 P.
593 236 716 290 PAPINI
734 235 838 290 STATI

178 404 240 467 hac
261 399 405 486 veheret,
426 401 575 465 iuvenem
598 399 735 465 Alciden
758 404 790 465 et
812 398 937 464 Thesea
958 399 1026 464 vidi
1048 436 1092 444 -

180 508 235 574 sed
257 508 369 573 tace0.’
414 509 489 594 figit
512 507 635 593 gelidus
658 506 798 574 Nereida
820 505 937 591 pellor:

179 615 234 681 ille
257 615 366 680 aderat
387 616 491 678 multo
515 615 629 678 sudore
652 618 684 680 et
706 613 838 698 pulvere
861 614 973 696 maior,

180 727 212 789 et
234 726 342 786 tamen
365 743 454 786 arma
477 722 560 786 inter
581 721 814 803 festinatosque
836 721 964 785 labores
1158 744 1202 784 reo

180 828 282 895 dulcis
305 827 411 893 adhuc
433 828 518 892 visu:
541 827 635 893 niveo
658 831 749 892 natat
772 827 857 914 ignis
879 827 914 891 in
937 847 991 891 ore

179 957 359 1020 purpureus
382 935 536 1018 fulvoque
561 936 644 1000 nitet
667 957 759 1000 coma
782 935 904 1021 gratior
927 955 1014 998 auro.

179 1042 316 1109 necdum
340 1042 443 1126 prima
465 1064 549 1106 nova
571 1040 723 1128 lanugine
745 1042 882 1106 vertitur
904 1045 1001 1124 aetas,

180 1147 435 1232 tranquillaeque
457 1147 542 1213 faces
567 1148 668 1212 oeulis
691 1151 724 1212 at
746 1149 886 1230 plurima
908 1149 1001 1224 vultu
1055 1221 1058 1226 ,

181 1259 283 1321 mater
305 1255 402 1320 inest:
428 1255 532 1338 qualis
555 1255 654 1338 Lycia
676 1259 810 1320 venator
831 1253 952 1339 Apollo
1158 1278 1200 1320 res

181 1383 255 1426 cum
278 1363 361 1428 redit
384 1366 416 1426 et
440 1363 542 1428 saevis
565 1365 727 1446 permutat
750 1361 873 1445 plectra
896 1361 1063 1446 pharetris.

129 1485 132 1492 '
181 1469 264 1534 forte
287 1474 319 1534 et
341 1470 444 1534 laetus
467 1470 623 1534 adest-
647 1491 665 1532 o
690 1472 845 1552 quantum
869 1467 986 1554 gaudia
1008 1469 1131 1532 formae

182 1575 337 1641 adiciunt!
361 1601 418 1641 -:
441 1577 540 1642 fetam
562 1574 702 1640 Pholoes
727 1575 785 1639 sub
809 1597 889 1658 rupe
911 1575 1054 1639 leaenam

182 1685 361 1768 perculerat
383 1683 467 1748 ferro
491 1683 663 1765 vacuisque
684 1682 859 1764 reliquerat
882 1683 982 1746 antris

181 1791 294 1873 ipsam,
318 1788 373 1853 sed
396 1788 521 1855 catulos
544 1787 693 1871 adportat
715 1792 749 1852 et
772 1789 885 1853 incitat
907 1809 1040 1874 ungues.
1159 1813 1200 1855 116

183 1916 264 1979 quos
287 1899 405 1978 tamen,
427 1899 464 1959 ut
486 1895 551 1959 fido
574 1896 721 1980 genetrix
744 1896 778 1960 in
799 1895 912 1960 limine
934 1896 1004 1959 visa
1026 1897 1083 1978 est,

183 2003 281 2067 abicit
304 2005 534 2086 exceptamque
557 2001 659 2068 avidis
683 2003 885 2088 circumligat
907 2001 1001 2087 ulnis,

183 2109 247 2174 iam
271 2109 377 2197 gravis
400 2110 551 2193 amplexu
574 2109 701 2192 iamque
725 2131 845 2193 aequus
868 2109 987 2174 vertice
1010 2109 1114 2174 matri.

183 2218 363 2300 insequitur
385 2238 504 2302 magno
527 2216 592 2281 iam
614 2221 693 2281 tunc
715 2236 855 2283 conexus
878 2238 986 2281 amore

182 2322 351 2389 Patroclus
375 2323 537 2405 tantisque
560 2323 742 2388 extenditur
764 2323 908 2387 aemulus
932 2322 1021 2405 actis,
1161 2347 1199 2390 ua

184 2452 243 2513 par
266 2429 380 2494 studiis
404 2429 537 2512 aevique
560 2429 673 2515 modis,
697 2428 752 2493 sed
773 2429 889 2494 robore
911 2427 1017 2514 longe,

185 2541 216 2601 et
239 2540 348 2602 tamen
370 2536 497 2619 aequali
519 2536 646 2600 visurus
668 2534 825 2622 Pergama
847 2536 923 2601 fato.

228 2643 376 2727 protinus
400 2643 455 2707 ille
478 2641 566 2708 subit
589 2643 701 2727 rapido
726 2665 806 2727 quae
829 2643 977 2726 proxima
1000 2641 1083 2706 saltu

184 2750 318 2814 flumina
340 2751 564 2833 fumantesque
588 2771 685 2835 genas
709 2750 893 2834 crinemque
916 2750 1055 2814 novatur

258 3054 307 3103 167
326 3066 433 3104 emaum
451 3067 469 3102 a
487 3049 520 3102 ΡΙ
539 3049 667 3104 omissum
685 3051 716 3102 ic
734 3052 791 3102 imo
809 3065 860 3118 rap.
881 3049 944 3102 odd.
960 3053 998 3101 ΡΟ.
1027 3049 1198 3102 aberraverat

185 3121 317 3176 librariae
331 3138 349 3174 a
363 3119 498 3174 Thessala
512 3121 549 3174 ad
559 3119 666 3174 Thesea
715 3119 900 3173 Adveheretc
974 3123 1025 3172 160
1038 3119 1197 3173 1166661616

258 3196 308 3245 162
323 3191 510 3260 PerpureusP
582 3197 633 3246 166
643 3191 743 3244 Ι)111116
817 3195 868 3244 174
882 3193 961 3244 tuno:
977 3207 1051 3244 nunc
1067 3191 1199 3262 Quecloiue

256 3263 313 3318 iam
331 3265 398 3316 tunc
416 3270 550 3332 magnoc
633 3268 682 3316 175
702 3261 873 3316 extenditur:
896 3261 1058 3316 accenditur
1077 3263 1197 3316 Bernar-

184 3336 240 3390 tius
349 3339 399 3388 176
418 3335 521 3388 modis:
546 3333 647 3388 animis
666 3335 807 3396 Baehrens
826 3338 900 3388 1879
913 3350 944 3403 p.
960 3337 996 3387 54
1068 3333 1129 3387 sed:
1147 3350 1197 3387 uec

184 3406 405 3462 Socdatroemios
423 3409 499 3460 1878
508 3422 538 3474 p.
554 3409 590 3459 39
661 3405 772 3459 robore:
791 3405 892 3459 robora
906 3405 1050 3471 Schrader,
1067 3405 1102 3471 cf.
1120 3405 1195 3466 seeo,

186 3479 281 3542 Χ638
300 3478 351 3532 Xl
361 3481 416 3533 432
512 3481 561 3529 177
580 3479 687 3530 tamen:
707 3476 823 3534 tandem
840 3476 1060 3532 Saudatroemiua
1078 3477 1094 3528 l.
1111 3477 1127 3528 l.

185 3549 318 3609 Attamen
337 3554 367 3602 οι
397 3547 451 3602 Sed
473 3551 569 3602 tamen
588 3548 645 3616 (aad
664 3547 694 3614 ὃς
716 3549 749 3602 irc
771 3565 825 3610 roa.
841 3547 1009 3616 perspicitur
1026 3546 1111 3613 faisse
1129 3549 1197 3616 —tm

258 3624 308 3672 179
323 3618 513 3689 fumantiaque
528 3624 545 3671 6
622 3619 782 3688 crimenque
796 3623 818 3678 6
893 3619 1022 3672 novatur:
1042 3617 1154 3671 novavit
1167 3617 1197 3669 θ’
