2598 3880
157 240 234 297 XXH
517 240 642 296 Editor-is
660 240 809 310 praefatio.

155 414 255 470 auiam
284 411 469 490 smfflnbmm
498 412 753 486 transpositiones,
783 427 859 485 quae
888 407 969 468 baud
997 423 1067 466 raro
1094 423 1176 466 nuno

155 509 281 584 exstant,
305 528 339 569 eo
357 510 498 568 nimirum
517 510 598 568 ortas
621 523 684 568 esse
705 507 738 566 in
760 507 920 583 propatruo
944 508 998 582 000,
1016 503 1100 581 quod⁴
1114 521 1175 564 vox

155 609 265 667 omissa
291 609 371 666 inter
398 606 584 666 0000000110οι
606 606 654 666 vel
680 606 881 664 interlineas
902 603 951 664 vel
978 606 1011 662 in
1038 605 1175 681 margine

156 706 299 782 suppleta
325 705 397 764 0000
443 721 519 780 quae
546 704 626 780 quod
652 705 772 780 saepius
797 721 857 762 uon
885 719 939 762 suo
965 702 1030 762 loco
1054 702 1175 779 legitur,

29 851 32 857 .
156 803 267 862 iterium
296 819 357 862 non
379 801 535 878 Puteanai,
565 802 616 861 sed
643 802 820 878 exemplaris
847 803 911 861 eius
932 800 1055 860 librario
1078 799 1176 858 tribui

154 903 252 961 velim
290 917 325 960 ex
342 899 507 960 0000110100
531 903 630 960 autem
651 900 725 959 haee
747 901 866 976 praesto
890 899 961 959 sunt
977 898 1125 975 exempla:

154 1025 255 1099 1289
278 1039 375 1084 00000
397 1025 488 1100 lipare
510 1025 550 1084 P:
573 1023 666 1098 lipare
687 1040 783 1084 omncs
807 1042 838 1084 ω

156 1119 172 1180 Ι
192 1122 257 1182 600
279 1125 339 1182 sico
360 1126 401 1181 eso
421 1123 461 1182 P:
485 1127 526 1182 est
547 1125 605 1182 stoi
627 1137 658 1182 ω

154 1215 253 1279 1734
278 1223 384 1279 emmo
404 1221 455 1280 0010·
476 1221 516 1280 P:
540 1219 591 1280 coe
614 1221 717 1280 000000
740 1236 773 1278 ω

155 1317 170 1376 Ι
190 1317 255 1376 879
279 1319 392 1377 breuior
414 1319 523 1392 clipeus
544 1321 586 1377 P:
614 1317 721 1392 clipeus
748 1317 914 1390 breviorque
937 1332 976 1376 ω.
1023 1335 1081 1392 quo
1105 1316 1170 1375 loco

154 1419 221 1493 ipsa
244 1417 476 1493 transpositione
501 1415 615 1476 fautum
637 1413 849 1489 videturesse,
873 1417 908 1474 ut
932 1415 1082 1491 particula
1105 1429 1172 1488 -000

155 1515 337 1574 desideretur
358 1517 391 1573 in
413 1515 571 1575 Puteaneo.

155 1631 294 1690 similiter
316 1630 501 1707 explicantur
523 1630 583 1689 loci
605 1629 706 1706 quales
730 1631 812 1689 sunt:

358 1789 374 1847 1
394 1788 457 1848 oss
475 1790 707 1862 promereor-to
729 1805 764 1848 ex
781 1743 968 1862 petianese

359 1931 457 1991 1653
481 1934 546 1990 oios
569 1883 671 1990 exuit

359 2029 457 2088 1678
482 2023 633 2089 'trabucos
659 2021 788 2088 'sooccbi

221 2147 283 2206 iam
304 2147 399 2222 ipsius
422 2145 565 2204 Puteanei
587 2145 726 2204 librarius
749 2145 822 2220 quid
850 2145 967 2220 saepius
993 2145 1162 2219 peccaverit

155 2243 327 2303 brevissime
354 2243 528 2302 indicamus.
574 2246 664 2318 atque
688 2243 761 2302 duas
788 2244 978 2318 potissimum
999 2259 1046 2300 res
1070 2241 1170 2301 affero.

156 2343 309 2400 nominum
332 2343 411 2399 enim
434 2342 531 2399 exitus
553 2340 633 2398 haud
655 2359 722 2399 raro
747 2341 784 2398 ad
807 2341 995 2416 sequentium
1017 2339 1065 2399 vel
1088 2341 1171 2398 anto-

156 2439 324 2498 cedentium
337 2457 444 2498 vocum
461 2439 603 2497 terminos
620 2437 855 2498 accommodavit
867 2438 914 2498 vel
932 2439 1054 2514 propter
1072 2456 1170 2515 gram·

156 2538 297 2596 maticam
320 2536 475 2595 festinanti
496 2554 604 2612 parum
630 2535 813 2595 intellectam
837 2538 870 2595 in
892 2537 1027 2595 terminis
1051 2537 1170 2610 erravit

156 2635 224 2694 dein
251 2653 474 2710 nonnumquam
501 2653 552 2694 000
576 2652 663 2693 voces
692 2635 824 2709 quaein
845 2636 933 2693 initio
956 2650 1057 2693 versus
1081 2633 1170 2694 00110·

156 2735 240 2792 eatae
263 2734 345 2807 0000,
368 2734 434 2790 auri
457 2733 519 2791 eius
543 2730 783 2792 obversabantur.
825 2731 902 2790 unde
924 2731 1038 2791 factum
1060 2733 1112 2808 est
1136 2734 1170 2790 00

156 2830 210 2890 000
237 2829 327 2889 finem
348 2848 449 2890 versus
472 2830 520 2889 vel
546 2831 578 2887 in
605 2829 727 2888 illarum
748 2848 855 2890 vocum
881 2831 1037 2889 vicinitate
1066 2849 1170 2906 perpe-

156 2947 221 2987 ram
244 2945 346 2986 sanim
368 2929 491 3004 stirpem
513 2929 675 3004 repetierit.
713 2928 749 2987 of.
768 2947 792 2986 o.
812 2947 838 3005 g.
858 2927 947 2986 Theb.
967 2927 1012 2984 VI
1030 2928 1094 2986 627
1117 2927 1171 2986 ubi

156 3043 210 3102 pro
243 3042 360 3099 corpore
392 3044 426 3084 ex
455 3026 543 3085 initio
570 3043 671 3085 versus
695 3026 826 3099 pudere
853 3027 1005 3084 exaratum
1038 3025 1094 3100 est,
1122 3025 1171 3086 vel

156 3122 232 3181 VIH
248 3124 287 3181 18
312 3122 364 3181 ubi
385 3125 506 3184 umbrae
527 3143 582 3200 pro
604 3124 703 3182 uodoc
725 3123 793 3182 inde
815 3125 914 3182 ortum
937 3125 989 3198 est,
1016 3123 1094 3198 quod
1112 3143 1171 3182 vox

155 3222 342 3293 umbriferae,
362 3237 438 3296 quae
451 3237 569 3282 versum
583 3221 674 3295 ducit,
687 3221 848 3280 memoriae
860 3221 1014 3281 scribentis
1031 3221 1170 3282 inhaesit.

157 3319 279 3378 alterius
303 3319 403 3378 autem
426 3320 539 3398 generis
558 3337 594 3378 ne
613 3335 733 3396 prorsus
752 3319 892 3396 exemplis
911 3335 1019 3394 careas,
1043 3320 1171 3380 conferri

156 3413 247 3476 velim
270 3411 359 3475 Theb.
379 3411 395 3475 Ι
415 3417 492 3494 223,
523 3417 576 3478 ubi
607 3417 659 3478 Ire
685 3433 742 3492 pcc
768 3413 911 3478 iub'citum
936 3415 1062 3492 pereyo
1093 3415 1168 3478 falso

156 3514 279 3591 legiter:
306 3532 360 3589 pro
378 3516 484 3590 peloso
506 3517 685 3576 attractione
709 3515 838 3593 quadam
861 3534 928 3574 cum
949 3516 1170 3590 praepositione

151 3628 208 3683 per
231 3612 388 3671 coniuncto
412 3615 614 3674 accusativum
636 3615 795 3690 inrepsisse
818 3633 878 3673 non
900 3612 1063 3672 miraberis.
1100 3611 1170 3672 dein
