2598 3880
163 193 205 256 26
527 191 558 246 P.
577 191 700 245 PAPINI
719 190 824 244 STATI

158 376 218 420 neo
242 354 355 419 modus
379 357 434 418 aut
458 375 550 419 araus
572 355 695 418 lentare
719 356 774 417 aut
797 353 930 417 fundere
954 353 1086 440 glandes

160 465 216 524 aut
237 463 358 525 torrere
382 461 475 526 sudes
500 461 672 547 galeasque
695 461 843 525 attollere
866 460 964 525 conis.

160 568 220 631 hos
244 567 329 632 inter
351 571 459 631 motus
482 567 610 652 pigram
634 566 735 652 gemit
758 587 822 630 una
845 566 987 649 quietem

158 672 325 738 Thessalia
347 677 380 738 et
403 673 540 759 geminis
566 673 693 738 incusat
715 673 783 736 fata
806 673 965 757 querellis,

159 780 245 863 quod
268 780 375 845 senior
397 779 512 844 Peleus
535 801 595 845 nec
618 780 723 845 adhuc
746 783 891 842 maturus
914 776 1069 844 Achilles.
1140 805 1181 846 uc

246 887 312 951 iam
338 885 469 970 Pelopis
496 889 598 951 terras
625 883 820 968 Graiumque
848 867 1039 950 exhauserat
1066 885 1181 951 orbem

158 992 375 1076 praecipitans
398 993 433 1056 in
455 995 596 1056 transtra
619 993 706 1056 viros
729 992 861 1056 insanus
885 1012 1049 1075 equosque

157 1097 367 1181 Bellipotens.
412 1098 539 1162 fervent
561 1101 675 1181 portus
699 1101 733 1162 et
755 1101 867 1181 operta
891 1098 1008 1163 earinis

158 1209 272 1290 stagna
295 1224 433 1287 suasque
456 1202 578 1268 hiemes
602 1203 714 1268 classis
737 1206 886 1287 promota
909 1224 1048 1287 suosque

157 1310 278 1375 attollit
300 1310 432 1394 fluetus3
455 1311 563 1394 ipsum
586 1309 651 1374 iam
674 1310 839 1395 puppibus
862 1332 983 1394 aequor
1138 1333 1180 1377 aar

156 1417 265 1482 deficit
289 1421 321 1482 et
343 1420 430 1482 totos
454 1419 649 1482 consumunt
673 1416 805 1482 carbasa
827 1420 950 1481 ventos.

245 1523 350 1607 prima
371 1524 450 1588 ratis
473 1522 600 1587 Danaas
625 1520 780 1588 Hecateia
803 1526 979 1608 congregat
1001 1521 1106 1606 Aulis,

155 1629 290 1713 rupibus
313 1630 468 1712 expositis
491 1630 646 1714 longique
670 1629 832 1712 crepidine
855 1629 942 1693 dorsi

155 1735 339 1800 Euboicum
363 1735 517 1800 scandens
540 1733 635 1798 Aulis
659 1757 755 1817 mare,
778 1735 876 1800 litora
898 1735 1038 1800 multum

155 1842 360 1927 montivagae
384 1841 501 1906 dilecta
524 1840 609 1924 deae,
633 1841 786 1924 iuxtaque
810 1839 993 1924 Caphereus
1137 1866 1181 1908 rao
1272 1905 1275 1910 .

154 1949 307 2012 latratum
331 1948 447 2033 pelago
469 1947 588 2012 tollens
613 1950 719 2030 eaput.
764 1947 819 2012 ille
842 1947 993 2034 Pelasgas

154 2058 191 2119 ut
214 2053 296 2118 vidit
318 2057 444 2118 tranare
467 2057 561 2140 rates,
584 2057 634 2118 ter
656 2057 766 2118 monte
788 2058 839 2118 ter
861 2054 955 2118 undis

155 2160 297 2225 intonuit
320 2181 495 2242 saevaeque
519 2160 607 2224 dedit
629 2160 797 2245 praesagia
818 2161 933 2225 noctis.

156 2272 266 2333 coetus
290 2265 336 2329 ibi
359 2287 521 2329 armorum
545 2264 659 2330 Troiae
682 2265 799 2349 fatalis,
822 2265 869 2330 ibi
892 2267 1005 2352 ingens
1061 2323 1062 2326 ,
1093 2269 1094 2272 ’

154 2375 280 2438 iuratur
301 2371 432 2453 bellum,
456 2371 557 2437 donec
581 2372 631 2435 sol
654 2393 779 2436 annuus
803 2394 914 2436 omnes
1135 2397 1178 2440 aas

155 2480 328 2547 conficeret
350 2481 461 2542 metas.
506 2481 585 2544 tunc
610 2479 751 2562 primum
777 2475 908 2544 Graecia
930 2480 1014 2543 vires

225 2690 375 2758 Exempla:
402 2693 454 2742 440
474 2688 534 2742 silv.
549 2688 575 2741 ll
591 2695 615 2755 1,
630 2692 664 2741 90
683 2687 775 2742 senior
793 2687 900 2741 Peleus.
938 2688 976 2754 os.
993 2688 1171 2756 Hou.1438‚

226 2889 277 2937 430
292 2882 409 2938 fundere
424 2882 540 2953 (findere
555 2882 596 2952 θ’)
669 2885 721 2935 437
732 2883 781 2936 aut
795 2880 894 2935 tollere
909 2883 969 2950 (aut
983 2882 1015 2935 iu
1027 2900 1082 2938 ras.
1094 2883 1138 2952 0¹)
1155 2888 1176 2943 0

226 2959 278 3008 438
296 2970 353 3008 una
367 2960 399 3008 P:
419 2970 468 3008 ora
487 2956 544 3023 (ore
560 2957 590 3023 a)
605 2970 633 3007 ω
705 2958 756 3006 439
777 2951 923 3006 Thessalia
936 2958 969 3006 1³:
989 2952 1131 3008 Thessalis
1146 2972 1175 3008 ω

96 3081 99 3088 ,
226 3031 277 3079 440
291 3025 399 3094 pellens
413 3027 501 3094 negat
514 3025 603 3078 huol’
670 3029 721 3078 441
738 3027 942 3094 gratumqued
1010 3029 1061 3078 442
1076 3027 1175 3080 tronea

153 3102 173 3149 1>
245 3102 297 3150 443
316 3098 419 3165 pontus
439 3099 467 3150 et
488 3097 619 3165 apertat
691 3101 743 3148 444
763 3101 973 3164 suasuasquer
1045 3101 1097 3149 445
1116 3096 1176 3150 iam

154 3167 332 3237 apuppibus
357 3173 387 3220 0:
414 3167 508 3240 iam}
530 3166 714 3236 puppibusa
741 3168 819 3234 (eros.
840 3169 866 3235 a)
975 3171 1026 3219 447
1051 3166 1121 3220 ratis
1139 3173 1174 3221 1’:

153 3239 228 3292 rates
248 3257 275 3292 ω
369 3242 420 3290 440
440 3238 589 3292 scandens:
610 3237 740 3291 scindens
759 3255 821 3292 cum
841 3235 954 3292 Manlio
969 3237 1174 3294 Kohlmaoauc.

153 3315 184 3362 ot
208 3309 339 3364 Aulidem
366 3310 397 3361 in
424 3325 492 3378 rupe
510 3310 683 3378 prominente
704 3310 787 3362 sitam
809 3309 890 3378 {inpii
908 3314 1007 3376 pocta;
1035 3309 1070 3376 ef.
1093 3309 1174 3364 leh.

153 3380 193 3432 II
202 3383 247 3446 44,
260 3381 310 3435 ubi
323 3380 386 3433 item
401 3380 534 3434 scandere
545 3382 664 3448 protom
677 3386 716 3434 eet
814 3383 866 3432 450
881 3377 1033 3450 Centivagp
1048 3379 1079 3432 0¹
1093 3381 1174 3449 (4044.

153 3449 194 3519 0³)
294 3451 490 3519 caphereuso
598 3456 649 3504 451
673 3449 825 3519 pelasgans
854 3452 883 3519 (n
911 3450 961 3504 del.
985 3452 1066 3519 ΡΠ

153 3561 205 3609 454
224 3535 339 3622 544444πὲ
358 3559 435 3625 (cerr.
454 3556 533 3626 2¹)1>
640 3560 692 3609 455
712 3571 807 3610 omnes
827 3573 867 3611 ωε
889 3571 985 3609 amnes
1003 3561 1023 3607 1³
