2598 3880
158 169 298 222 XXXVIII
518 168 642 224 Editoris
661 168 810 241 praefatio.

159 338 282 395 ratione.
333 338 394 395 iam
424 338 481 396 etsi
513 336 647 396 codicum
676 341 773 404 QGK
800 355 856 413 ope
887 335 935 394 hie
967 336 1030 394 illic
1064 354 1181 395 errores

158 434 332 493 manifestos
360 432 469 493 codicis
491 437 518 491 P
541 435 688 510 corrigere
715 434 815 507 licuit,
842 435 944 492 tamen
971 435 1074 509 paucis
1102 434 1180 492 locis

158 563 203 571 -
217 549 276 590 non
294 535 341 590 tot
360 535 433 606 quot
452 530 579 590 editores
593 532 684 610 vulgo
702 534 811 607 putant
829 562 872 572 -
890 533 991 590 tamen
1010 534 1079 589 ante
1098 550 1179 588 com·

159 649 280 688 munem
299 631 432 688 omnium
451 629 596 687 librorum
613 629 726 688 fontem
733 621 758 709 ¹)
778 629 963 704 corruptelae
980 631 1180 703 inrepserunt.

159 726 338 802 ubicumque
361 745 431 786 vero
455 726 599 785 Puteanei
626 727 767 785 lectiones
791 727 927 784 veritatis
954 727 1082 801 speciem
1105 745 1179 801 prae

160 842 191 883 se
213 826 323 898 ferunt,
347 842 396 883 eas
419 821 581 883 servandas
604 841 667 884 esse
689 824 764 882 mihi
784 840 957 899 persuasum
981 826 1025 882 est
1047 823 1095 882 vel
1118 841 1182 880 non
1277 847 1281 854 ·

158 925 313 998 perspecta
341 923 582 998 interpolationis
609 924 641 979 in
664 923 769 981 ceteris
797 919 881 979 libris
904 923 1028 979 ratione.
1074 921 1179 995 pleris—

160 1039 217 1095 que
250 1021 352 1078 autem
383 1020 456 1078 locis
488 1020 611 1077 minime
643 1018 806 1092 dubitabis,
838 1036 891 1076 cur
919 1017 1117 1077 difficiliorem
1148 1021 1184 1075 et

162 1117 376 1193 elegantiorem
404 1118 549 1194 geuuiuae
572 1116 743 1175 traditionis
771 1116 929 1175 lectionem
952 1116 1118 1190 spreverint
1142 1117 1179 1188 ei,

161 1215 214 1288 qui
236 1216 357 1288 poetam
379 1213 498 1272 facilem
521 1213 675 1274 intellectu
697 1213 819 1272 reddere
841 1212 989 1272 volebant.
1290 1271 1291 1276 ,

224 1312 287 1368 iam
314 1313 474 1386 postquam
501 1312 657 1384 rationem,
686 1329 775 1386 quam
802 1312 835 1368 in
861 1312 946 1368 textu
970 1311 1178 1369 constituendo
1290 1323 1291 1374 j

159 1408 338 1483 sequendam
358 1427 420 1468 esse
438 1426 550 1483 censeo,
564 1408 695 1487 breviter
708 1428 762 1485 pro
776 1408 864 1466 huius
877 1408 938 1466 loci
952 1409 1177 1483 opportunitate

156 1508 289 1581 exposui,
308 1525 404 1582 pauca
423 1506 508 1580 addo,
523 1525 599 1580 quae
617 1526 676 1565 nou
695 1505 733 1564 ab
753 1507 834 1564 omni
852 1507 937 1580 parte
956 1523 1178 1581 supervacanea

147 1593 221 1662 ¹esse
244 1603 380 1662 arbitror.
426 1602 571 1662 Achilleis
599 1606 678 1662 enim
706 1607 773 1679 post
801 1603 914 1661 scholia
939 1604 971 1659 in
995 1601 1177 1660 Thebaidem

160 1704 324 1777 composita
361 1702 538 1778 gravissima
574 1700 682 1759 menda
714 1700 832 1759 videtur
852 1691 1052 1759 contraxisse.
1108 1720 1179 1758 nam

160 1817 220 1857 uno
257 1799 322 1857 loco
359 1799 520 1875 genuinam
552 1799 710 1856 lectionem
742 1816 809 1856 cum
841 1797 991 1857 Puteaneo
1024 1816 1179 1856 servavere

160 1895 328 1954 Thebaidos
356 1888 510 1975 scholia.²)
556 1914 651 1970 neque
678 1913 748 1954 vero
782 1913 896 1969 semper
928 1894 1015 1954 ambo
1045 1897 1180 1953 earmina

160 1995 318 2052 coniuncta
348 1994 439 2052 fuisse
469 1993 538 2052 inde
568 1995 647 2052 certo
678 1991 814 2067 efficitur,
840 1993 920 2068 quod
945 1994 1015 2051 sunt
1041 1995 1181 2052 auctores

119 2161 122 2166 Ι
159 2091 241 2148 haud
263 2093 353 2166 pauci
377 2092 429 2166 qui
451 2090 633 2149 Thebaidem
655 2089 746 2165 probe
769 2093 924 2165 noverunt,
942 2090 1117 2148 Achilleidis
1141 2110 1183 2148 ne-

160 2208 251 2246 unum
267 2187 388 2262 quidem
401 2189 500 2247 locum
513 2187 719 2247 laudavenmt.
746 2186 928 2247 Achilleidos
942 2191 1042 2246 autem
1057 2189 1180 2262 scholia,

159 2287 186 2343 si
212 2286 244 2343 in
271 2304 304 2343 re
331 2284 446 2343 lubrica
474 2284 599 2343 necdum
627 2285 701 2343 satis
729 2285 887 2360 disquisita
914 2285 1008 2344 audeo
1036 2283 1180 2358 iudicare,
1273 2328 1278 2334 .

160 2401 227 2440 cum
250 2384 368 2457 praeter
390 2380 548 2440 verborum
571 2382 715 2457 quasdam
743 2383 977 2458 simplicissImas
999 2384 1181 2458 interpreta-

159 2482 255 2538 tiones
274 2479 349 2538 nihil
367 2479 429 2538 fere
448 2481 629 2552 contineant,
643 2479 722 2554 quod
740 2498 800 2538 non
818 2481 891 2538 item
906 2482 1001 2538 exstet
1018 2481 1050 2537 in
1066 2479 1181 2554 Servio,

159 2596 219 2635 non
241 2596 301 2636 una
324 2595 391 2635 eum
414 2575 581 2636 Thebaidos
605 2577 724 2636 scholiis
748 2577 886 2635 videntur
908 2579 975 2636 orta
998 2595 1088 2636 essa,

228 2677 363 2734 auctores
392 2675 471 2750 quod
499 2673 611 2750 addidi,
635 2676 780 2749 quatenus
807 2673 872 2732 fieri
894 2676 994 2749 potuit
1016 2707 1060 2716 —
1083 2695 1179 2749 neque

158 2774 238 2830 enim
262 2774 419 2848 quisquam
446 2773 495 2830 hic
518 2774 599 2831 viam
627 2773 784 2849 aperuerat
808 2773 1029 2845 -,uem1nem
1054 2773 1180 2830 moleste

160 2887 245 2944 spero
278 2887 341 2929 esse
371 2871 511 2928 laturmn.
562 2870 662 2945 plures
689 2870 770 2928 locos
797 2869 943 2928 doettores
970 2869 1096 2928 fortasse
1127 2870 1178 2927 ad-

160 2969 265 3026 notare
287 2986 374 3043 posse
396 2967 477 3026 haud
500 2969 608 3042 nescio,
632 2987 686 3045 ego
709 2967 820 3042 partim
844 2986 879 3025 ex
902 2965 1079 3024 editionibus
1098 2970 1178 3026 vete-

159 3063 256 3138 ribus,
289 3066 400 3140 partim
434 3065 470 3123 de
501 3083 567 3124 meo
598 3083 674 3138 quae
709 3065 893 3141 collegeram,
920 3065 1014 3122 malui
1041 3067 1180 3138 quamvis

233 3297 259 3364 1)
279 3312 334 3364 qno
362 3296 456 3348 autem
484 3297 610 3364 tempore
633 3294 769 3366 Puteanci
792 3294 876 3364 stirps
900 3311 917 3348 a
939 3294 1110 3365 reliquorum
1137 3295 1179 3347 di·

161 3391 258 3446 gressa
282 3374 331 3440 sit,
356 3373 455 3429 altiore
479 3376 508 3427 ct
525 3374 640 3444 propria
658 3374 823 3444 quaestione
841 3391 911 3444 opus
931 3377 985 3441 cst,
1004 3390 1077 3443 quae
1095 3375 1179 3428 huius

160 3454 346 3523 praefationis
365 3454 480 3508 modum
498 3469 594 3509 vereor
611 3469 647 3508 ne
666 3457 786 3523 superet.

232 3537 259 3603 2)
279 3533 313 3588 af.
333 3533 396 3587 adn.
417 3533 478 3588 crit.
499 3534 536 3587 ad
554 3533 622 3587 Ach.
638 3533 651 3586 I
666 3539 724 3588 344.
