2598 3880
159 219 248 274 XXVI
521 220 645 275 Editoris
662 219 809 290 praefatio.

225 387 305 446 idem
319 391 474 464 corrector,
491 390 545 464 qui
562 389 769 464 supplementa
787 387 911 464 addidit,
930 407 991 448 non
1009 407 1077 448 cum
1095 407 1177 448 com·

158 485 246 546 modo
269 488 302 544 in
324 506 358 547 eo
381 490 533 566 grassatm
560 488 611 546 ost
657 488 815 564 pleraeque
843 488 922 546 enim
947 489 1009 546 eius
1032 487 1176 550 lectiones
1296 531 1297 562 2

158 585 419 661 interpolationem
443 586 532 644 olent.
569 603 749 661 quamquam
772 584 851 644 libro
872 585 973 662 aliquo
997 604 1065 643 eum
1086 603 1177 645 nsum
1296 595 1297 598 ’

159 700 229 756 esse,
252 702 312 741 non
334 685 454 760 proprio
473 684 592 761 ingenio
611 684 685 741 mihi
703 683 824 742 videtur
844 681 922 743 effici
945 703 988 758 eo,
1011 683 1091 759 quod
1113 703 1176 744 non

158 781 255 839 solum
272 800 414 858 magnum
432 781 508 839 iilud
529 782 767 857 supplementum
781 781 1031 841 115211-660
1048 781 1176 858 addidit,

158 877 209 937 sed
232 879 323 937 etiam
349 879 382 936 in
408 878 465 938 fine
488 879 669 939 Achilleidos
697 879 843 955 quaedam
865 880 1023 955 supplevit.
1070 879 1175 939 eodem
1296 847 1297 900 i

158 976 306 1051 ducemur,
329 976 381 1034 ubi
404 977 563 1036 nonnullas
584 979 648 1037 eius
671 977 815 1036 lectiones
836 978 1108 1037 examinaverimus.

224 1073 240 1131 I
256 1074 318 1132 728
328 1074 500 1148 pridemque
518 1079 585 1134 tuoe
599 1068 655 1142 αῖς
673 1079 785 1134 cedros
798 1067 843 1142 α’
861 1076 1078 1152 suprascripsit,
1097 1094 1173 1152 quae
1296 1097 1297 1102 ¹

157 1173 203 1230 est
225 1171 450 1230 deterrimorum
472 1171 616 1232 librorum
638 1173 735 1232 100110,

224 1270 296 1328 item
318 1268 334 1328 I
352 1270 414 1329 891
439 1271 521 1343 rupit
541 1263 598 1337 Q¹=
618 1271 717 1329 110011
738 1263 789 1338 (2².

223 1367 303 1427 unde
323 1367 339 1426 Ι
363 1368 426 1428 935
450 1369 688 1444 supplementum
710 1371 889 1446 prompserit
911 1371 1022 1429 nescio:

404 1519 453 1562 -ee
468 1505 556 1578 prius
579 1503 683 1577 quidve
705 1503 773 1563 iude
789 1505 924 1577 pronubo.

156 1655 224 1696 cum
246 1655 315 1696 vero
339 1638 430 1695 etiarn
452 1639 484 1696 in
504 1642 528 1696 G
551 1637 690 1697 librarius
713 1639 777 1698 sive
798 1639 891 1713 ipsius
915 1637 1023 1698 codicis
1047 1639 1119 1712 sive,
1139 1636 1172 1696 id

156 1733 237 1809 quod
258 1735 448 1793 verisimilius
471 1736 523 1808 est,
552 1735 729 1810 exemplaris
754 1737 874 1811 proprio
902 1735 998 1794 Marte
1026 1734 1172 1811 quaedem

156 1831 306 1906 scripsisse
333 1830 536 1890 videatur—
559 1834 603 1891 sio
629 1834 708 1891 onim
734 1833 786 1890 illo
814 1851 914 1892 versus
946 1834 1093 1911 legitur
1085 1853 1117 1892 11
1145 1838 1171 1894 0

156 1928 267 2002 (1110100
283 1945 387 2001 precer
409 1930 464 1988 hee
487 1930 591 2003 ouidi
591 1933 695 1990 trucem
712 1932 801 2004 prius
821 1949 907 1990 01100
924 1930 1086 2000 0011100109
1106 1932 1171 2006 qui-

155 2025 241 2086 bus
232 2045 264 2084 111
287 2026 385 2087 verbis
407 2026 514 2102 (pree)-
516 2044 547 2086 er
561 2021 599 2088 0⁸
618 2029 762 2105 scripsit
753 2049 785 2086 nr
807 2047 966 2088 resura—
982 2031 1015 2086 in
1038 2029 1172 2088 familiae

155 2129 253 2192 ch
283 2126 446 2202 archetypo
471 2127 520 2185 hic
547 2128 685 2186 lacurnam
714 2128 803 2188 111000
832 2128 996 2196 0011000110.
1047 2147 1118 2188 nam
1144 2129 1172 2186 si

154 2241 257 2282 reuera
284 2225 317 2281 in
342 2227 374 2282 Κ
400 2225 528 2300 genuina
556 2225 703 2302 leguntur,
730 2225 768 2285 de
794 2244 852 2302 qua
879 2245 911 2284 re
938 2225 1012 2284 mihi
1040 2224 1172 2284 0110111-

154 2322 257 2394 manni
293 2321 413 2380 silentio
448 2340 636 2397 nequaquam
672 2326 801 2382 constat:
836 2324 927 2382 etiam
963 2322 1036 2382 alibi
1071 2325 1106 2381 in
1138 2307 1172 2384 1'

154 2419 299 2495 genuinae
322 2419 462 2478 lectiones
485 2421 680 2496 inrepserumt,
703 2440 778 2497 quae
800 2423 832 2479 11
855 2421 1014 2498 archetypo
1037 2421 1171 2481 familiae

154 2534 214 2575 non
236 2516 325 2576 fuere.

221 2616 293 2674 item
311 2614 343 2674 Π
357 2617 397 2673 21
419 2617 449 2674 01
468 2617 508 2674 22
529 2616 628 2675 locum
645 2635 663 2675 a
682 2616 907 2676 detenirnorum
925 2616 1060 2677 codicum
1078 2616 1172 2676 libru-

153 2715 206 2772 riis
229 2732 289 2771 non
311 2712 496 2774 intellectum
518 2714 662 2790 foedaque
685 2715 916 2790 interpolatione
936 2717 1091 2792 trapetum
1113 2717 1169 2774 mi-

154 2827 217 2870 sere
243 2829 362 2888 pessum
390 2809 472 2870 dedit
494 2803 550 2878 Q’:
578 2829 699 2872 01000010
726 2814 805 2872 enim
832 2815 863 2870 et
885 2811 1044 2874 (1001000010
1065 2831 1168 2889 snpra-

154 2909 282 2986 soripsit,
300 2928 375 2986 quae
399 2912 469 2969 sunt
491 2910 630 2970 lectiones
653 2910 796 2970 Hbrorum
818 2912 1074 2987 nequissimorum,
1093 2931 1167 2988 quos

153 3008 255 3066 littera
280 3011 315 3066 M
343 3007 565 3083 comprehendit
586 3007 798 3068 Kohlmannus.
845 3028 880 3068 ex
906 3011 1054 3086 pessimae
1078 3011 1168 3070 notae

152 3104 229 3166 libro
253 3107 446 3164 correctorem
465 3123 518 3164 sua
535 3107 687 3181 petivisse,
703 3107 795 3165 etium
812 3107 844 3164 in
862 3107 1075 3184 supplementis
1094 3127 1167 3184 quo

153 3204 199 3262 vis
217 3203 278 3262 fere
296 3221 383 3262 versu
407 3205 599 3282 cognoscitur.
637 3202 688 3263 sed
711 3223 777 3264 cum
799 3207 918 3282 parcior
939 3207 971 3263 in
994 3205 1166 3284 corrigendo

152 3302 256 3378 fuerit,
285 3320 374 3378 quam
402 3301 509 3361 codicis
534 3305 560 3361 0
584 3305 773 3378 correctores,
801 3323 860 3363 non
888 3301 926 3362 ad
953 3303 1076 3363 eandem
1104 3321 1167 3363 cor·

152 3400 302 3476 rupteiam
324 3401 460 3477 pervenit
483 3399 573 3460 codex
596 3405 636 3476 Q,
659 3420 734 3476 quae
758 3402 888 3460 cernitur
909 3403 942 3460 in
964 3400 1063 3462 codice
1087 3405 1120 3460 0.

218 3499 291 3557 haec
322 3499 412 3575 paulo
445 3500 611 3558 accuratius
643 3499 729 3558 licuit
760 3519 905 3575 erponem
935 3499 972 3558 de
999 3499 1098 3559 codice
1127 3504 1170 3575 Q,

153 3596 263 3670 quippe
286 3596 369 3656 cuins
391 3597 511 3672 plenam
527 3596 722 3673 ‚collationem
744 3597 880 3656 manibus
902 3600 1062 3656 teneamus.
