2598 3880
489 214 613 270 Editoris
631 215 779 284 praefatio.
1056 217 1145 271 XXIX

192 384 224 442 Π
244 385 284 444 96
313 384 361 444 Sic
387 387 453 444 orac
480 386 585 444 tenuis
608 375 834 464 01¹):eac'ccr
857 389 884 444 ct
904 387 937 444 ic
960 387 1083 446 latebris
1106 379 1145 446 0²

192 482 223 540 H
243 484 304 541 127
324 483 405 556 facta
423 487 504 542 casto
523 483 669 556 spectabat
687 475 738 542 01:
762 487 843 542 casto
861 484 942 557 facta
965 486 1146 558 caspcciabat

126 580 194 640 inde
217 580 313 639 effecit
337 572 376 640 0²

193 678 310 737 addidit
333 671 372 738 0²
395 681 486 738 etiam
516 678 718 738 foedissimam
747 680 1009 756 interpolationem
1031 681 1047 739 Ι
1071 684 1143 741 772,

192 777 251 835 fuit
274 778 375 838 autem
402 775 478 836 liber
501 777 549 836 cui
576 781 722 837 corrector
745 797 799 838 sus
823 778 962 855 debebat,
985 779 1091 858 glossis
1115 784 1145 839 et

126 865 277 955 scholiisi)
301 877 463 934 instructus
487 876 578 950 atque
601 875 639 934 ad
661 877 789 935 mixtum
806 876 882 935 illud
900 877 1034 936 codicum
1052 897 1144 956 genus

125 972 302 1048 pertinebat,
320 975 373 1048 qui
390 973 459 1031 inde
478 991 497 1030 a
515 974 632 1032 saeculo
651 973 824 1034 duodecimo
844 974 1041 1050 pullulabant,
1064 978 1144 1050 post·

125 1090 217 1146 quam
235 1070 378 1130 Puteanei
396 1073 540 1131 memoria
557 1073 590 1130 in
607 1072 706 1131 lucem
728 1071 861 1148 quolibet
883 1072 970 1132 modo
992 1075 1145 1148 protracta

126 1172 178 1228 est.
216 1168 248 1227 id
267 1169 347 1244 quod
368 1171 502 1248 longiore
525 1169 727 1245 disputatione
746 1169 947 1230 demonstrare
970 1189 1077 1246 operas
1095 1173 1146 1230 vix

125 1269 256 1342 pretium
278 1269 332 1341 est,
355 1267 391 1326 cf.
413 1266 568 1327 adnotatio
592 1269 696 1327 critica
719 1268 757 1326 ad
779 1267 794 1325 I
814 1268 864 1326 59.
885 1269 957 1327 265.
978 1270 1051 1328 413.
1072 1268 1145 1328 513.

128 1364 160 1421 Π
180 1366 220 1423 13
240 1365 277 1423 ul.

195 1460 320 1536 denique
355 1460 490 1521 codicis
520 1461 715 1521 Etonensis
746 1462 791 1520 Bl.
817 1463 885 1537 o,5
915 1455 985 1544 (E),
1017 1463 1053 1522 de
1087 1473 1185 1538 quor:

1 1610 2 1617 ,
128 1558 220 1618 verba
246 1559 319 1618 fecit
344 1559 467 1618 Henrici
493 1559 550 1617 filii
577 1561 743 1619 conlatione
771 1578 840 1619 usus
869 1558 992 1620 Carolus
1019 1560 1146 1620 Schenkl

127 1659 160 1715 in
180 1651 355 1716 Studiorum
372 1655 646 1716 Vindobonensium
664 1659 722 1717 vol.
741 1657 785 1716 IV
804 1650 920 1740 (1882)
938 1678 967 1733 p.
984 1660 1145 1736 96-101,

128 1755 287 1814 nonnullas
310 1755 451 1815 lectiones
470 1755 679 1832 adscripsimus
699 1756 737 1814 ad
756 1755 864 1816 codicis
883 1754 1027 1816 Puteanei
1046 1760 1145 1816 aucto·

128 1851 249 1911 ritatem
271 1852 456 1911 firmandam.
502 1872 573 1911 nam
596 1852 786 1913 Schenkelius
809 1855 871 1913 iam
897 1858 977 1914 recte
1007 1857 1146 1947 cognovit

128 1970 196 2009 eum
218 1949 329 2008 librum
351 1953 439 2010 mixti
459 1953 574 2029 generis
593 1969 664 2011 esse.
701 1951 752 2011 sed
770 1971 837 2010 oum
855 1953 972 2012 saeculo
990 1953 1145 2013 undecimo

128 2047 346 2108 Beneventanis
369 2049 478 2108 litteris
501 2048 533 2106 in
551 2047 642 2108 Italia
665 2051 705 2108 sit
730 2051 922 2125 conscriptus,
946 2069 1053 2126 parum
1070 2053 1145 2110 veri-

130 2147 226 2204 simile
250 2148 296 2205 est
319 2165 354 2204 ex
376 2148 442 2222 ipso
465 2146 598 2205 Puteano
622 2146 772 2222 exemplar
795 2149 858 2206 eius
881 2147 1014 2223 fluxisse,
1037 2148 1087 2207 sed
1111 2167 1146 2206 ex

130 2244 223 2301 simili
246 2243 375 2318 quodam
398 2244 505 2304 codice.
552 2244 629 2303 unde
657 2247 699 2305 eis
727 2245 799 2305 locis
828 2245 934 2321 quibus
958 2248 1146 2306 consentiunt

129 2341 208 2400 inter
230 2358 261 2400 se
284 2341 451 2401 Puteaneus
475 2343 504 2401 et
527 2342 698 2419 Etonensis,
725 2363 785 2403 non
808 2345 949 2404 lectiones
972 2345 1053 2404 illius
1076 2344 1147 2403 libri

129 2441 266 2515 proprias
285 2441 399 2499 exstare
418 2443 612 2526 cognoscitur.
649 2441 718 2500 hinc
736 2442 864 2501 multum
887 2443 929 2501 eis
947 2442 1017 2502 fidei
1035 2461 1145 2502 accres-

130 2555 194 2596 cere
217 2537 305 2596 facile
324 2539 456 2614 apparet.
493 2538 682 2598 vehementer
700 2542 800 2598 autem
818 2539 977 2599 dolendum
995 2542 1049 2616 est,
1067 2541 1146 2615 quod

129 2638 193 2694 tam
215 2653 283 2695 raro
306 2637 451 2711 optimam
473 2638 648 2696 memoriam
666 2637 824 2698 Etonensis
842 2640 1013 2712 servaverit,
1037 2639 1146 2714 quippe

131 2735 183 2808 qui
210 2732 366 2792 descendet
393 2752 411 2791 a
439 2733 537 2793 codice
566 2737 696 2794 correcto
724 2734 763 2793 ad
788 2734 900 2794 librum
927 2735 1074 2812 quendam
1097 2736 1145 2795 de-

130 2832 247 2889 terioris
270 2833 359 2890 notae
382 2832 471 2907 atque
494 2833 538 2890 ita
563 2835 703 2908 correcto,
725 2836 760 2892 ut
782 2851 879 2909 pauca
900 2835 1020 2893 tantum
1038 2836 1146 2892 veteris

131 2929 254 3006 originis
282 2930 409 3007 vestigia
437 2931 593 3006 supersint.
644 2949 720 3006 quae
753 2950 820 2990 cum
851 2933 895 2989 ita
927 2933 996 3007 sint,
1023 2951 1039 2991 e
1067 2934 1146 2991 notis

132 3025 299 3085 Schenkelii
321 3045 357 3086 ea
379 3029 567 3104 potissimum
586 3029 727 3108 elegimus
749 3031 930 3105 testimonia,
949 3030 1056 3106 quibus
1075 3030 1145 3090 Eto-

130 3125 229 3184 nensis
257 3143 275 3182 a
302 3123 445 3184 Puteanei
471 3128 557 3202 paitc
584 3128 658 3202 stat,
691 3129 723 3186 in
755 3127 862 3204 quibus
890 3128 960 3188 solis
988 3128 1146 3188 Etonensis

204 3279 230 3346 1)
250 3275 349 3330 similis
368 3278 551 3333 commutatio
569 3279 728 3334 litterarum
745 3279 809 3336 Set
822 3282 853 3336 D
871 3279 948 3335 faeta
967 3283 1010 3336 est
1022 3280 1036 3334 I
1050 3285 1109 3335 137.

204 3359 230 3426 2)
250 3356 284 3411 cf.
298 3375 323 3412 v.
338 3356 351 3410 Ι
365 3363 415 3411 421
434 3357 484 3412 ubi
503 3358 618 3414 lectioni
636 3359 783 3430 genuinae,
802 3376 875 3430 quae
894 3363 986 3415 exstat
1003 3361 1033 3415 in
1051 3368 1069 3414 0
1087 3378 1146 3416 am·

131 3439 190 3507 bra,
212 3440 224 3492 t
246 3439 313 3508 sclcp
335 3439 570 3508 suprascripserat
597 3443 742 3496 corrector.
784 3440 833 3494 sed
861 3440 974 3510 cognito
1002 3448 1093 3496 erroro
1112 3474 1145 3484 -

132 3516 255 3588 glossam
273 3536 324 3587 pro
341 3518 420 3572 varia
438 3518 559 3575 lectione
577 3524 725 3591 acceperat
743 3553 777 3562 -
791 3523 803 3577 l
816 3521 909 3575 erasit.
939 3520 1037 3575 eadem
1051 3524 1147 3577 autem

11 3629 14 3636 ·
132 3597 226 3668 glossa
245 3613 267 3652 e.
283 3617 309 3668 g.
329 3599 359 3652 in
373 3599 469 3655 codice
483 3599 644 3656 Monacensi
660 3607 753 3656 14557
769 3601 911 3669 adscripta
930 3602 973 3654 est
991 3601 1057 3656 huic
1075 3602 1144 3657 loco.
