2598 3880
159 214 211 267 XX
523 210 646 265 Editoris
664 209 813 279 praefatio.

161 382 341 458 paucissima
359 382 558 440 commutatae
577 383 636 438 cet
648 381 660 436 i
673 380 808 455 exempla
822 379 920 438 affero.
961 397 1031 437 nam
1049 378 1184 453 plerum·

163 499 220 555 que
247 498 307 538 non
338 479 509 538 litterarum
536 477 731 536 similitudine
760 495 841 536 error
874 477 900 536 is
928 477 1011 536 ortus
1039 477 1097 550 cst,
1130 473 1187 533 sed

162 648 266 708 formis
299 647 473 724 vulgaribus
505 646 615 705 inlatis.
670 648 771 705 tamen
803 645 893 704 Theb.
916 644 940 702 Ι·
958 647 1019 704 119
1052 582 1187 703 rodomas

163 748 227 822 ipse
259 744 399 803 librarius
431 743 516 802 docte
549 745 687 818 correxit,
713 743 742 800 V
765 745 826 802 141
855 742 981 802 invalidi
1009 743 1120 820 legitur
1151 741 1187 799 in

165 844 317 903 Puteaneo
340 860 395 918 pro
419 859 454 900 ca
476 841 581 910 robii,
604 840 680 898 VIII
699 842 742 901 40
764 843 797 899 ia
823 859 877 918 pro
901 858 944 899 ca.
989 839 1093 899 deinde
1117 856 1132 897 c
1155 841 1190 897 et

164 942 175 1001 i
193 942 312 1001 litterae
336 939 373 998 ab
393 939 568 1014 exemplaris
592 939 714 998 librario
738 939 877 998 confusae
900 941 979 1014 sunt,
1001 957 1071 997 nam
1092 937 1187 996 Theb.

165 1039 208 1098 XI
228 1041 293 1098 470
324 1037 494 1110 salvamque
524 1055 579 1113 pro
610 1054 785 1110 saevamque
816 1036 962 1112 scriptum
994 1039 1052 1111 est,
1078 1034 1122 1093 XI
1141 1035 1185 1092 43

165 1135 311 1196 Actoraas
346 1155 402 1211 pro
427 1132 575 1194 Alternus.
631 1134 721 1193 Theb.
750 1133 826 1192 VIII
855 1136 918 1193 204
956 1135 1187 1208 transcripserat

165 1233 305 1294 librarius
325 1233 433 1292 codicis
452 1231 597 1291 Puteauei
618 1232 718 1300 eliber,
742 1231 793 1291 sed
817 1233 921 1291 statim
943 1233 1061 1309 cognito
1085 1249 1186 1289 erroro

166 1332 178 1391 l
201 1331 306 1407 erasit,
334 1330 443 1390 oblitus
472 1334 572 1390 tamen
596 1347 610 1389 c
633 1330 819 1390 substituere.
866 1329 992 1406 donique
1015 1329 1186 1388 vetustioris

168 1430 332 1506 scripturae
350 1429 619 1488 luculentissimum
633 1428 800 1504 exemplum
815 1429 912 1486 exstat
926 1426 1015 1485 Theb.
1030 1426 1106 1485 VIII
1122 1425 1184 1485 732

167 1529 219 1587 ubi
246 1547 301 1604 pro
328 1529 409 1587 socci
435 1527 518 1600 sasai
540 1527 651 1604 legitur
672 1529 704 1585 in
727 1526 874 1585 Puteano:
903 1524 1046 1600 capitales
1069 1524 1184 1583 litteras

169 1644 260 1686 snnvr
278 1644 364 1685 nemo
383 1643 443 1684 non
462 1624 604 1701 agnoscit.
638 1627 727 1700 atque
746 1626 780 1682 ut
798 1625 860 1682 iam
874 1641 1020 1682 summam
1034 1622 1186 1700 longioris,

167 1724 351 1784 necessariae
383 1724 483 1782 tamen
515 1721 727 1796 disputationis
759 1720 918 1796 faciamus,
953 1721 1009 1780 hoc
1042 1719 1187 1779 scribendi

169 1841 275 1900 genero
295 1822 448 1880 exaratum
470 1819 562 1878 fuisse
579 1821 814 1878 vetustissimum
835 1819 922 1878 illum
944 1818 1063 1888 librum,
1087 1837 1104 1876 a
1128 1837 1187 1894 quo

169 1939 228 1979 uno
253 1918 352 1978 codice
375 1916 543 1976 intermisso
567 1920 657 1993 atque
685 1937 718 1977 eo
742 1917 915 1976 minusculis
943 1918 1052 1977 litteris
1078 1918 1187 1992 scripto

171 2016 354 2077 descendisse
373 2015 555 2075 Puteaneum
578 2016 650 2075 satis
673 2016 921 2076 demonstravisse
941 2015 1027 2075 nobis
1044 2015 1187 2074 videmur.
1295 1997 1296 2018 ¹

170 2115 251 2174 illius
275 2115 384 2200 codicis
407 2113 567 2193 vestigium
592 2115 683 2173 etiam
709 2114 791 2173 aliud
815 2115 912 2173 exstat
935 2112 1112 2189 subscriptio
1135 2113 1189 2171 illa

171 2215 336 2287 notissima,
353 2230 429 2287 quae
445 2214 478 2270 in
497 2212 555 2270 fine
570 2214 671 2287 quarti
685 2211 852 2271 Thebaidos
870 2210 942 2269 libri
959 2213 991 2269 in
1004 2201 1187 2291 Puteane01)

172 2313 295 2389 legitur:
315 2309 427 2368 Iuliani
445 2301 532 2391 u(iri)
552 2301 738 2391 c(larissimi)
758 2309 869 2368 librum
891 2309 978 2368 illum
1000 2310 1092 2369 fuisso
1114 2308 1189 2367 mihi

172 2428 227 2485 pro
247 2408 400 2484 explorato
423 2399 509 2487 est')

242 2508 383 2581 quoniam
415 2506 457 2564 sio
489 2507 580 2564 etiam
611 2504 649 2563 ab
677 2508 821 2566 exteriore
848 2507 933 2581 parte
960 2508 996 2563 ut
1021 2507 1066 2564 ita
1094 2504 1191 2564 dicam

174 2606 272 2664 locum
296 2621 382 2662 suurn
400 2602 550 2662 Puteaneo
567 2603 794 2680 vindicavimus,
817 2623 905 2679 quem
927 2603 1112 2678 praestantia
1134 2603 1190 2661 leo·

174 2704 290 2762 tionum
313 2719 435 2760 suarum
453 2702 585 2759 omnium
603 2701 757 2761 doctorum
774 2701 885 2760 iudicio
906 2703 968 2758 iam
987 2702 1191 2777 occupaverat,
1293 2713 1295 2748 τ

175 2801 269 2859 restat
295 2801 330 2856 ut
352 2800 455 2873 paucis
478 2799 685 2886 deerroribus
708 2818 841 2878 agamus,
864 2817 938 2875 quos
962 2801 1078 2875 saepius
1102 2798 1191 2857 libra·
1294 2793 1295 2842 ἓ

177 2966 249 3019 quac
268 2967 331 3003 cum
350 2949 391 3003 ita
410 2949 475 3016 sint,
493 2950 648 3005 rectissime
666 2951 736 3008 mihi
750 2951 862 3006 videtur
879 2951 1019 3005 iudicasse
1034 2950 1192 3004 Fridericus

176 3029 302 3083 Vollmer
328 3031 408 3098 (mus.
423 3029 511 3083 Rhen.
527 3029 569 3097 LI,
590 3036 667 3098 1896,
686 3051 713 3101 p.
730 3037 763 3086 29
783 3032 847 3085 adn.
864 3034 898 3102 1),
922 3031 971 3101 qui
996 3031 1121 3087 Rostruit
1141 3047 1192 3099 pro

177 3110 298 3179 genuino
317 3109 411 3164 habet.
699 3116 701 3122 ’

179 3272 192 3324 t
250 3192 276 3259 1)
304 3192 372 3243 nota
399 3190 452 3244 hoc
478 3208 534 3244 uno
562 3191 623 3248 loco
652 3194 848 3263 argumentum
875 3194 1070 3247 monostichon
1103 3208 1193 3246 serva·

192 3287 242 3324 um
260 3285 328 3324 esse.

251 3353 277 3421 2)
296 3365 381 3420 quem
395 3350 540 3418 Juh'anurn
558 3354 679 3407 eundem
697 3369 766 3419 csse,
785 3353 831 3407 cui
844 3352 1003 3407 Priscianus
1022 3371 1092 3423 opus
1112 3370 1192 3407 suum

180 3430 329 3498 dedicavit,
349 3431 476 3500 speciosa
489 3432 612 3501 quidem,
631 3434 681 3488 sed
694 3433 882 3488 incertissima
896 3433 1056 3488 coniectura
1070 3433 1193 3488 Vollmer

180 3511 311 3580 opinatus
331 3513 385 3565 est:
404 3529 474 3566 mus.
489 3512 576 3568 Rhen.
592 3513 627 3567 LI
645 3516 736 3584 (1896)
755 3532 782 3583 p.
799 3519 831 3567 27
852 3514 915 3567 adn.
932 3520 955 3568 1.
989 3514 1075 3569 etiam
1094 3513 1192 3568 Ohtte-
1292 3563 1294 3572 .

180 3590 284 3644 lainius
303 3591 320 3645 l.
341 3591 358 3645 l.
379 3593 415 3645 ari
434 3593 507 3647 hano
526 3595 695 3650 sententiam
713 3611 816 3663 pronus
837 3596 904 3648 erat.
