2598 3880
185 189 226 252 16
543 187 572 240 Ρ.
592 185 715 240 PAPINI
734 185 839 239 STATI

184 354 329 416 rorantes
353 349 473 415 evolvit
494 371 594 434 equos
619 354 651 415 et
673 349 713 414 ab
738 350 865 415 aethere
889 370 1006 435 magno

186 458 348 523 sublatum
372 480 467 522 cun-u
490 456 624 543 pelagus
648 457 742 540 cedit,
765 461 798 520 at
820 457 902 521 vada
923 460 1026 520 mater

187 562 298 648 Scyria
321 565 507 628 iamdudum
530 564 647 628 fluctus
671 583 800 628 emensa
822 563 961 646 tenebat,
1164 585 1205 628 111

186 672 393 755 exierantque
416 670 492 756 iugo
515 670 594 735 fessi
617 671 784 754 delphines
809 669 892 735 erili:
1109 660 1112 672 ¹

187 801 260 844 cum
282 777 375 863 pueri
397 778 585 842 tremefacta
607 778 697 860 quies
722 767 872 860 oculique
894 780 1040 860 patentes

186 886 329 950 infusum
352 905 478 948 sensere
501 882 594 946 diem.
641 886 750 966 stupet
772 904 845 948 aere
867 883 981 966 primo,
1049 919 1052 928 ¹

187 1014 268 1076 quae
290 993 371 1075 loca,
395 976 451 1073 qui
473 990 601 1068 fluctus,
624 989 680 1054 ubi
703 989 838 1054 Pelion?
884 987 992 1054 omnia
1015 1011 1107 1054 versa

187 1103 283 1181 atque
305 1099 419 1183 ignota
440 1096 529 1160 videt
551 1095 741 1180 dubitatque
764 1118 938 1182 agnoscere
960 1099 1103 1160 matrem.
1164 1121 1205 1161 aso

187 1207 324 1287 occupat
348 1203 404 1268 illa
426 1222 524 1267 manu
547 1202 727 1287 blandeque
749 1203 858 1268 adfata
879 1207 1063 1288 paventem:

187 1311 228 1375 ‘si
250 1311 340 1394 mihi,
364 1331 435 1376 care
458 1333 547 1394 puer,
569 1309 729 1375 thalamos
754 1331 821 1374 sors
845 1330 947 1394 aequa
969 1311 1106 1393 tulisset,

188 1440 269 1502 quos
293 1417 398 1501 dabat,
422 1418 571 1482 aetheriis
595 1438 656 1504 ego
679 1421 711 1481 te
734 1419 892 1501 conplexa
914 1421 1056 1482 tenerem

187 1525 274 1588 sidus
298 1525 417 1611 grande
440 1523 555 1610 plagis,
577 1524 751 1610 magnique
774 1545 931 1609 puerpera
954 1523 1032 1590 caeli

187 1632 235 1695 nil
257 1630 396 1695 humiles
419 1630 535 1696 Parcas
558 1634 748 1714 teneneque
770 1631 837 1696 feta
859 1653 992 1696 vererer.
1161 1653 1204 1694 aas

187 1760 273 1803 nunc
296 1738 389 1821 inpar
411 1737 481 1819 tibi,
503 1741 587 1820 nate,
611 1758 721 1822 genus,
744 1737 974 1821 praeclusaque
995 1738 1053 1802 leti

187 1847 313 1909 tantum
332 1865 351 1908 a
369 1847 471 1908 matre
489 1843 541 1908 via
559 1847 621 1928 est3
645 1843 724 1927 quin
741 1847 774 1908 et
791 1844 962 1910 metuenda
984 1844 1204 1928 propinquant

187 1954 333 2035 tempora
357 1955 389 2016 et
411 1953 562 2015 extremis
586 1951 715 2015 admota
737 1951 881 2035 pericula
903 1952 1006 2016 metis.

188 2059 346 2142 cedamus,
369 2060 565 2142 paulumque
588 2058 710 2122 animos
734 2058 888 2123 submitte
911 2058 1021 2146 viriles

189 2170 285 2248 atque
307 2164 438 2228 habitus
462 2166 593 2251 dignare
616 2186 714 2229 meos.
761 2165 788 2229 si
811 2164 915 2249 Lydia
937 2166 1016 2230 dura
1164 2192 1205 2232 aee

188 2293 288 2356 pensa
310 2293 407 2335 manu
429 2272 606 2353 mollesque
628 2272 705 2336 tulit
727 2271 915 2355 Tirynthius
937 2271 1055 2356 hastas,

189 2379 216 2442 si
240 2378 331 2442 decet
354 2380 464 2441 aurata
485 2376 651 2442 Bacchum
673 2379 811 2464 vestigia
833 2379 920 2462 palla

188 2507 321 2568 verrere,
343 2484 504 2571 virgineos
528 2485 556 2549 si
578 2482 725 2569 Iup'piter
747 2485 853 2551 induit
875 2491 971 2570 artus,

259 2715 408 2784 Exemplo:
429 2719 479 2767 251
499 2714 534 2780 cf.
553 2714 625 2768 Hon.
644 2719 670 2769 A
690 2720 740 2768 361
761 2717 796 2784 (et
814 2715 892 2784 olibe)
910 2712 982 2785 χειρί
1004 2711 1034 2769 τὲ
1054 2736 1103 2784 μιν
1122 2713 1203 2770 κατέ-

187 2786 357 2911 ffigapldppe
378 2782 405 2840 τ’
431 2782 514 2854 ἔφατ’
540 2785 570 2840 da
592 2782 619 2840 τ’
645 2784 787 2856 ὀνόμαζεν.
915 2791 966 2840 260
989 2788 1025 2854 of.
1049 2792 1102 2840 582
1121 2786 1204 2842 Pnor.

279 2901 285 2926 ,
337 2901 343 2913 .

190 2985 402 2995 ———..

261 3075 312 3122 243
331 3070 487 3138 humilique
505 3075 538 3123 P:
557 3070 727 3139 humilisque
745 3086 773 3124 ω
868 3076 920 3123 244
939 3073 969 3124 at
984 3076 1040 3130 00:
1060 3067 1097 3126 ad
1114 3076 1148 3124 P:
1168 3083 1206 3125 ac

189 3143 327 3196 11111111
394 3147 445 3195 245
465 3157 631 3196 emensam:
650 3143 784 3195 emissa?
802 3143 837 3209 cf.
851 3159 875 3196 o.
891 3145 943 3195 131
1008 3147 1059 3196 247
1073 3144 1206 3212 patentes

189 3217 235 3266 PE
268 3213 351 3282 (quod
382 3213 464 3266 etiam
490 3229 504 3267 e
532 3213 644 3268 Moooe.
676 3213 873 3268 commodavit
901 3213 1100 3281 Gustofesouas
1130 3219 1206 3270 1900

184 3303 215 3355 p.
243 3287 320 3354 494):
352 3285 476 3338 iacentes
504 3290 565 3344 QK:
597 3285 715 3338 iacentis
743 3291 773 3338 0:
803 3286 937 3353 paventes
965 3287 1107 3341 Baehrens

144 3371 149 3383 ⁴
190 3355 532 3410 2421111111111111111.121
593 3372 672 3410 versa
690 3361 722 3409 P:
741 3358 834 3410 versat
851 3372 879 3410 ω
970 3363 1021 3410 212
1040 3357 1192 3412 tulisset?

190 3428 355 3483 dedissetre
441 3433 492 3482 255
510 3426 623 3481 Nihill’
708 3433 758 3481 252
779 3429 903 3481 amatre
921 3433 979 3482 PE:
999 3431 1132 3484 matrem

190 3501 258 3567 quin
277 3502 411 3558 11211111
436 3498 482 3552 oui
504 3515 579 3551 nunc
598 3504 615 3551 0
727 3503 778 3552 260
802 3498 915 3553 habitus
934 3516 974 3552 w:
1003 3499 1133 3554 avitus?

191 3571 230 3622 sie
250 3569 281 3623 0²
353 3571 417 3624 diva
435 3570 468 3622 0²
486 3571 509 3638 (l
527 3571 597 3622 dura
615 3569 656 3640 0⁸)
764 3575 815 3623 203
837 3586 916 3623 arcus
934 3576 954 3622 l’
