2598 3880
528 200 652 256 Ellam
670 199 818 270 pratello.

369 371 398 430 X
414 371 480 430 321
503 371 626 430 tacentis
645 373 687 430 P:
707 369 829 430 mentis
851 385 883 428 ω

369 468 397 527 X
417 467 479 528 742
503 467 582 528 clla:
604 470 644 525 P:
663 465 744 526 altas
763 483 798 526 ec

370 565 397 624 X
417 566 480 625 755
504 565 589 626 :cae
611 569 651 626 P:
673 565 760 624 ictas
783 579 814 624 ω

371 663 399 722 X
419 663 481 723 779
505 663 599 740 Ιεοςὶτ
616 666 657 721 P:
679 662 753 724 lecit
774 678 806 722 ω

355 761 398 822 XI
414 761 480 822 339
504 759 670 836 Expectare
691 764 731 819 P:
753 759 919 834 Experiere
941 778 973 822 ω

355 858 399 918 XI
416 857 482 918 460
505 860 584 918 cittis
605 861 645 917 P:
668 858 747 917 villis
769 874 801 918 ω

339 957 399 1016 XII
440 957 482 1016 24
505 955 613 1027 attilii
634 949 674 1015 P*

338 1060 650 1159 xnmfflw

340 1180 399 1239 XII
419 1180 482 1238 279
506 1175 604 1238 Altior
624 1182 665 1237 P:
687 1175 774 1238 Alter
796 1181 823 1240 et
844 1171 907 1261 ωῙ)

168 1292 241 1350 nota
268 1289 322 1348 sub
349 1287 439 1346 finem
466 1303 594 1346 crescere
619 1304 775 1344 numerum
802 1304 935 1346 errorum
956 1289 1111 1364 rariusque
1133 1307 1184 1348 eos

169 1387 206 1448 ab
229 1387 294 1465 ipso
316 1385 439 1446 librario
462 1401 525 1444 esse
548 1383 726 1444 emendatos.

235 1485 287 1545 sed
310 1484 401 1545 etiam
426 1483 503 1543 aliae
531 1482 778 1542 commutationes
801 1501 877 1558 quae
900 1503 916 1543 e
938 1484 1111 1544 minusculis
1134 1486 1183 1543 lit-

167 1585 239 1644 teris
261 1584 384 1642 minime
407 1581 601 1658 explicantur,
623 1579 694 1638 licet
715 1598 783 1639 rano
803 1581 1004 1640 inueniuntur.
1045 1584 1182 1642 vetustis-

169 1685 277 1742 simum
298 1681 385 1740 illum
407 1679 517 1738 librum
534 1678 650 1736 litteras
668 1694 685 1734 r
701 1679 734 1736 et
745 1694 779 1752 p,
802 1677 871 1738 det
889 1679 915 1753 l,
936 1681 1002 1739 ret
1020 1681 1046 1755 t,
1063 1698 1088 1753 p
1107 1681 1137 1738 et
1156 1680 1184 1754 cl,

169 1783 235 1842 bet
247 1798 281 1856 p,
304 1779 324 1838 cl
346 1781 377 1838 et
398 1795 415 1835 r
436 1779 515 1837 inter
538 1792 568 1834 sc
591 1774 701 1832 simfles
724 1773 890 1836 exhibuisse
913 1795 947 1836 eo
969 1776 1043 1835 mihi
1066 1776 1185 1837 videtur

169 1880 256 1955 effici,
275 1876 354 1956 quod
371 1878 403 1936 in
416 1875 463 1935 his
477 1873 611 1951 peccauit
627 1872 801 1947 exemplaris
815 1871 962 1950 librarius,
978 1894 1065 1951 quem
1078 1893 1185 1951 parum

172 1996 298 2057 gnanun
317 1973 446 2035 Latinae
468 1973 588 2050 linguae
608 1969 702 2028 husee
721 1969 773 2029 vel
793 1974 891 2046 ecte
911 1973 1084 2050 saepissime
1106 1974 1186 2032 inter

170 2095 200 2137 sc
219 2074 407 2136 commutatis
425 2071 576 2151 probatur.
612 2087 709 2146 pauca
727 2072 797 2128 sunt
812 2070 956 2146 cuiusque
975 2072 1090 2149 generis
1109 2090 1186 2146 quae

168 2173 260 2234 velim
282 2172 420 2232 accurate
443 2166 620 2229 consideres:

321 2293 411 2354 Theb.
430 2293 446 2353 Ι
465 2294 530 2352 630
553 2262 670 2370 ομοῑσῗᾱ
691 2284 732 2350 P1

399 2381 926 2472 mmmfflwffium

371 2489 447 2548 VIII
466 2490 528 2548 522
547 2489 648 2563 pudor
661 2505 701 2562 pc
723 2490 763 2546 P:
777 2486 881 2562 pudor
900 2489 946 2548 irc
968 2479 1031 2570 ω’)

391 2587 450 2647 XII
468 2588 532 2646 450
555 2603 641 2661 ceper
662 2578 703 2645 P1
726 2604 761 2646 ex
783 2601 898 2664 soRcr:
919 2601 1006 2660 sopor
1028 2602 1059 2645 ω

344 2686 417 2746 Ach.
436 2686 452 2743 I
471 2685 534 2745 806
558 2687 665 2745 incerto
687 2688 727 2743 P:
749 2685 859 2760 escape
879 2701 921 2746 ω,

170 2815 230 2856 nou
253 2813 503 2873 supervacaneum
524 2792 643 2852 videtur
665 2791 714 2850 hic
736 2791 879 2852 adnotare
900 2791 1033 2852 litteram
1052 2809 1072 2849 r
1095 2791 1185 2850 semel

170 2897 203 2954 in
220 2893 385 2955 Achilleide
403 2894 445 2952 sic
464 2893 616 2952 exaratam
634 2907 696 2950 esse
714 2906 749 2968 R
768 2892 858 2966 atque
875 2889 907 2948 id
924 2891 956 2948 in
970 2906 1042 2948 voce
1063 2888 1184 2964 rariore,

172 3011 262 3071 quam
284 2993 410 3052 formam
433 3010 448 3049 e
467 2991 630 3049 vetustiore
649 2987 748 3048 cadica
767 2987 944 3049 translatam
962 3005 1025 3046 esee
1041 2986 1186 3046 :audacter

172 3089 325 3152 contende.
362 3088 398 3147 cf.
416 3087 432 3146 I
452 3088 524 3147 595.

244 3350 270 3418 1)
288 3345 421 3402 hocloco
441 3351 466 3401 et
482 3345 514 3399 in
531 3351 551 3398 1²
569 3345 702 3399 omissum
721 3346 764 3399 est
780 3347 813 3399 ut
831 3345 920 3398 metro
939 3343 1094 3398 satisfieret.

243 3431 270 3499 2)
286 3426 362 3482 falsa
379 3425 433 3481 hcc
450 3442 562 3496 queque
577 3425 640 3480 loce
655 3426 690 3480 dc
701 3424 844 3479 Puteanec
858 3424 969 3480 rettulit
981 3424 1184 3478 Kohlmannue.

169 3509 291 3580 apparea
305 3509 404 3562 autem
421 3506 452 3560 in
465 3506 653 3560 vetustissime
670 3504 767 3560 codice
784 3503 939 3560 ilitteram
955 3505 1084 3574 quolibet
1101 3503 1185 3558 medo

171 3588 277 3660 perisse
296 3591 325 3643 et
341 3604 392 3658 pro
410 3604 426 3641 r
443 3585 548 3641 lectum
566 3601 625 3640 esse
640 3603 670 3654 p.
