2598 3880
480 214 719 270 AGHILLEIDOS
738 216 768 269 L.
787 215 809 274 I.

130 379 216 444 hane
238 378 295 443 ubi
319 379 489 444 dueentem
511 380 608 464 longe
632 379 720 443 sonia
743 378 873 464 agmina
895 378 992 461 vidit,

129 489 206 550 trux
227 506 309 569 puer
332 489 365 550 et
387 486 478 550 nullo
501 489 676 550 temeratus
698 488 831 568 pectora
853 488 945 548 motu

130 591 271 678 deriguit
292 591 436 675 totisque
458 613 580 656 novum
602 590 687 655 bibit
709 590 836 655 ossibus
860 591 978 676 ignem.

128 719 190 763 nee
212 698 293 762 latet
314 698 450 762 haustus
473 719 572 781 amor,
595 698 652 763 sed
673 697 728 761 fax
751 697 876 761 vibrata
898 697 1048 762 medullis

129 805 165 868 in
187 798 296 868 mlius
320 808 416 887 etque
441 825 497 868 ora
518 804 602 869 redit
624 804 795 887 lucemque
818 825 973 890 genarum
1111 827 1151 870 aes

129 911 252 997 tinguit
274 914 307 975 et
329 910 491 994 inpulsam
514 910 605 974 tenui
629 911 744 974 sudore
767 913 918 993 pererrat.

128 1017 233 1082 laetea
255 1014 455 1102 Massagetae
478 1017 580 1082 veluti
604 1038 678 1082 eum
701 1016 820 1099 poeula
842 1016 971 1081 filseant

130 1124 286 1210 sanguine
309 1124 448 1206 puniceo
471 1125 524 1188 vel
547 1122 626 1187 abur
650 1123 867 1206 corrumpitur
891 1126 992 1186 ostro:

130 1231 177 1295 sic
200 1230 297 1294 variis
320 1230 492 1294 manifesta
514 1230 601 1294 notis
625 1267 668 1276 —
692 1229 856 1313 palletque
882 1227 1039 1312 rubetque
1063 1263 1105 1276 -

129 1335 260 1399 flamma
277 1357 401 1419 repens.
438 1341 490 1400 eat
508 1340 604 1419 atque
624 1337 710 1400 ultro
729 1337 816 1399 ferus
834 1336 966 1418 hospita
984 1357 1075 1401 saera
1110 1360 1151 1402 em

129 1441 274 1536 dissiciat
295 1442 409 1506 turbae
432 1463 563 1508 securus
587 1446 620 1507 et
642 1443 801 1506 inmemor
823 1441 903 1524 aevi,

128 1549 164 1612 m'
186 1532 346 1632 puderet
369 1549 498 1614 iunctae
521 1552 630 1612 teneat
651 1546 831 1612 reverentia
853 1547 974 1611 matris.

129 1657 167 1719 ut
189 1658 280 1738 pater
302 1655 440 1719 armenti
463 1655 625 1738 quondam
648 1654 826 1736 ductorque
852 1652 990 1736 futinus,

130 1760 349 1830 qainondam
373 1765 443 1826 toto
467 1763 666 1846 peraguntur
689 1781 810 1825 cornua
833 1779 924 1844 gyro,

130 1890 204 1934 eum
227 1868 348 1932 sociam
372 1871 483 1951 pastus
505 1867 601 1932 niveo
625 1866 763 1932 candore
786 1865 955 1930 iuvencam
1110 1890 1150 1932 sis

129 1974 255 2059 aspicit,
277 1975 447 2041 ardescunt
470 1974 570 2038 animi
592 1974 780 2057 primusque
803 1994 861 2055 per
885 1993 940 2036 ora

129 2084 259 2164 spumat
280 2103 380 2165 amor,
403 2084 551 2165 spectant
572 2080 693 2144 hilares
717 2078 910 2161 obstantque
934 2078 1091 2164 magistri.

174 2191 311 2271 occupat
334 2191 462 2272 arrepto
485 2188 550 2252 iam
575 2186 704 2252 conseia
726 2190 871 2268 tempore
894 2187 1009 2248 mater:

129 2294 240 2358 ‘hasne
263 2295 347 2359 inter
371 2295 521 2359 simulare
546 2293 662 2359 choros
686 2295 718 2356 et
740 2290 892 2356 bracchia
914 2290 991 2355 ludo

127 2404 265 2484 nectere,
287 2404 371 2484 nate,
394 2423 491 2487 grave
515 2399 584 2464 est?
608 2398 715 2485 gelida
738 2398 816 2481 quid
838 2398 902 2462 tale
922 2396 981 2461 sub
1002 2395 1082 2462 Ossa
1111 2423 1151 2464 aso

128 2508 329 2592 Peliacisque
352 2509 460 2594 iugis?
507 2529 526 2571 ο
550 2508 578 2571 si
601 2507 682 2571 mihi
705 2505 838 2592 iungere
862 2526 955 2570 curas

127 2677 1151 2818 11siffoetttatitffitatii'oitisffiigtaeeittittsstiii

129 2827 205 2878 ostro
225 2823 249 2878 si
269 2824 331 2892 quis
351 2824 426 2878 ebur.
447 2825 482 2891 ef.
493 2823 602 2877 Hand
613 2828 663 2876 141
773 2825 823 2874 309
843 2821 877 2888 ef.
899 2819 985 2874 Theb.
1000 2821 1013 2872 Ι
1028 2826 1079 2874 037

128 2901 179 2949 331
196 2895 230 2962 cs.
241 2895 327 2948 Vane.
343 2896 412 2949 Aen.
422 2894 462 2948 IV
472 2900 566 2962 3288q.

201 3095 251 3143 301
270 3071 361 3144 11031ου
385 3095 405 3142 1³
433 3093 588 3158 (atramque
614 3089 657 3158 1³¹)
767 3092 818 3141 303
843 3084 975 3155 Deriguit
1001 3091 1045 3145 aa
1076 3089 1149 3156 (uate

127 3164 222 3231 corr.):
248 3160 413 3231 Diriguitl’
436 3177 496 3214 cam
514 3161 627 3228 reliquis
722 3163 773 3212 304
792 3158 863 3212 latet
883 3157 921 3226 (la
939 3175 959 3212 e.
977 3175 1000 3212 a.
1021 3158 1086 3212 add.
1105 3158 1149 3226 1³¹)

200 3237 251 3285 307
271 3231 396 3286 fuscant:
416 3231 515 3285 fucant
533 3233 569 3286 D.
586 3231 722 3286 Heinsius
821 3234 872 3282 308
891 3228 980 3283 veluti
999 3231 1022 3296 (a
1040 3247 1064 3282 u.
1084 3231 1149 3292 307)

127 3303 198 3358 ebur
212 3309 232 3356 1>
318 3309 371 3357 300
389 3303 635 3372 &aterpaaetioaam
652 3302 770 3356 correxit
788 3300 961 3355 Schenkelias
979 3302 1097 3366 188212.
1113 3303 1149 3352 99

200 3380 252 3428 310
266 3389 366 3443 repens
380 3375 504 3433 Pom:
520 3389 616 3426 reeens
631 3372 663 3425 0³
742 3376 792 3424 311
807 3370 942 3424 Dissieiat
956 3375 1039 3422 ch:
1055 3371 1115 3422 -eat
1128 3375 1150 3428 0

200 3451 252 3498 313
268 3447 423 3514 ductorque
437 3451 469 3498 P:
484 3448 631 3512 rectorque
645 3461 673 3497 ω
741 3447 792 3496 315
806 3442 913 3495 Dumc
967 3441 1070 3509 pastu}
1084 3441 1151 3509 (fuit

126 3517 166 3587 -s)
182 3519 351 3586 02past11E
434 3522 485 3570 310
501 3516 706 3582 ardescuntque
725 3512 812 3566 animi
827 3518 870 3572 00
952 3516 1003 3564 317
1023 3510 1150 3565 obstant-

128 3604 184 3658 que
198 3593 218 3640 P
234 3591 302 3657 (ora)
318 3593 353 3642 E:
373 3591 528 3656 optantque
542 3605 570 3641 ω
643 3591 694 3639 319
713 3585 771 3638 Has
787 3589 808 3643 0
898 3588 948 3636 321
964 3582 1118 3636 Peliacisve
1132 3589 1149 3635 0

954 3671 989 3723 ᾖ*
