2598 3880
499 212 622 268 Editoris
641 210 788 282 praefatio.
1104 205 1156 261 VII

136 406 213 464 quae
240 385 324 444 uncis
352 383 468 456 inclusi,
496 399 580 441 erasa
607 383 677 440 sunt
696 398 743 439 ac
770 381 820 439 vix
842 378 1071 455 perspiciuntur.
1121 393 1156 434 ex

137 485 193 543 hac
210 487 283 544 ncta
301 482 464 542 rectissime
484 479 631 539 conclusit
649 475 721 538 Otto
739 469 879 558 Mullor1)
899 475 1030 536 codicem
1047 473 1155 533 Putea·

137 602 226 642 neum
260 582 332 639 olim
363 578 542 657 pertinuisse
565 576 604 636 ad
632 576 854 652 bybliothecam
882 573 1057 634 monasterii
1086 570 1156 630 (lor-

137 680 265 740 beiensis
293 679 415 752 veteris,
446 676 528 736 cuius
551 677 696 751 patronus
719 676 838 734 sanctus
865 671 971 732 Petrus
1004 663 1156 747 apostolus

138 779 205 837 fuit.
243 776 321 834 unde
344 775 422 835 sicut
444 775 519 833 alios
542 773 634 833 libros
652 792 677 831 e.
696 791 724 850 g.
742 771 811 831 Livi
828 771 1022 844 Puteeneum,
1044 771 1076 826 in
1099 769 1158 826 viri

138 875 220 934 illius
235 873 317 932 docti
330 891 435 933 manus
454 871 589 948 quolibet
601 870 695 931 vmodo
712 869 824 929 librum
841 870 1009 944 pervenisse
1024 868 1156 942 apparet.

139 972 243 1031 eodem
265 974 385 1031 auctore
409 970 657 1046 subscriptionem
682 987 758 1044 quae
782 969 826 1027 est
851 967 888 1025 de
914 969 1015 1044 priore
1038 965 1157 1024 domino

139 1071 171 1128 in
194 1070 274 1129 calce
298 1069 377 1144 libri,
401 1068 528 1127 deletam
552 1085 614 1127 esse
637 1067 726 1126 facile
748 1065 807 1125 tibi
828 1068 1018 1141 persuaseris.

206 1169 324 1243 praeter
347 1167 503 1226 librarium
525 1167 625 1242 ipsum
647 1183 716 1223 rara
740 1166 937 1224 correctorum
959 1165 1087 1242 vestigia
1110 1183 1157 1223 ex-

140 1267 222 1324 stant
244 1267 276 1323 in
299 1264 457 1324 Puteaneo.
504 1283 520 1322 e
543 1262 650 1338 quibus
676 1279 751 1321 unns
774 1263 824 1322 vel
846 1260 904 1321 duo
928 1281 1001 1338 quos
1024 1265 1097 1322 nota
1118 1264 1159 1324 Ρο

140 1361 481 1438 comprehendimus-
503 1361 703 1436 nequeenim
729 1360 818 1418 facile
845 1377 894 1419 eos
922 1359 1091 1419 distinxeris
1115 1393 1159 1402 —

141 1461 239 1518 aetate
253 1461 313 1535 ipsi
330 1458 453 1517 librario
472 1459 533 1517 fere
552 1475 638 1533 peres
653 1475 715 1516 esse
728 1456 876 1516 ridentur.
912 1458 1008 1518 multo
1026 1462 1095 1535 post
1109 1477 1158 1519 eos

139 1558 318 1616 recentiores
342 1555 464 1631 quidam
487 1573 553 1614 cum
576 1554 762 1631 perlegerent
783 1555 895 1614 librum
917 1558 948 1614 et
970 1575 1037 1615 cum
1055 1557 1158 1636 vulga-

139 1654 222 1713 ribus
251 1656 466 1730 comperarent‚
493 1656 580 1712 notas
608 1652 754 1728 quasdam
776 1655 966 1728 aspersenmt
987 1654 1158 1731 levioraque

140 1751 247 1811 menda
270 1751 520 1811 emaculeverimt.
565 1750 671 1809 horum
698 1753 896 1809 correctorum
924 1753 1055 1810 aetatem
1079 1755 1159 1812 recte

140 1851 215 1908 mihi
242 1849 362 1908 videtur
393 1850 580 1908 constituisse
609 1845 681 1907 Otto
707 1847 829 1923 Miller,
862 1850 915 1924 qui
942 1850 1059 1910 saeculo
1087 1850 1159 1910 duo·

141 1947 255 2007 decimo
275 1946 324 2006 vel
341 1947 431 2006 tertie
450 1945 563 2005 decimo
582 1963 631 2005 eos
651 1945 773 2004 addixit
811 1964 864 2005 nec
881 1949 983 2006 temen
1002 1949 1159 2023 quisquam

140 2063 243 2104 eorum
265 2047 363 2104 totum
385 2043 496 2102 librum
517 2045 674 2102 recensuit.
714 2060 769 2102 ncs
791 2061 846 2119 pro
869 2044 988 2105 lectoris
1007 2045 1159 2106 commodo

141 2143 181 2201 ad
203 2162 296 2200 unum
319 2159 420 2201 omnes
444 2159 493 2200 eos
516 2142 589 2200 nota
610 2143 650 2201 Pr
677 2139 917 2217 significavimus.
963 2142 1074 2202 librum
1095 2143 1159 2204 Mo-

141 2241 282 2299 nacbium
303 2240 511 2298 transmissum
534 2239 647 2298 contuli
668 2240 740 2314 ipse.

209 2339 299 2413 atque
313 2336 409 2396 redire
423 2335 608 2396 Puteaneum
622 2335 752 2396 codicem
767 2335 805 2395 ad
817 2337 1054 2397 vetustissimum
1068 2338 1160 2414 quod·

142 2435 211 2494 dam
234 2435 385 2510 exemplar
406 2434 579 2494 lacunosum
602 2437 633 2493 et
655 2434 787 2509 undique
805 2433 944 2495 adrosum
961 2437 1064 2495 multis
1087 2437 1160 2497 locis

142 2532 360 2609 comprobatur,
397 2533 544 2608 imprimis
568 2535 669 2592 autem
691 2533 724 2592 in
741 2531 909 2593 Achilleide
931 2533 1003 2593 fines
1021 2551 1161 2595 versuum

141 2630 223 2691 haud
245 2630 335 2690 semel
357 2630 492 2688 mutilati
514 2634 591 2706 sunt,
614 2631 659 2690 ita
682 2634 717 2689 ut
735 2630 811 2690 duae
829 2632 878 2691 vel
896 2633 955 2692 tres
974 2632 1093 2692 litterae
1111 2633 1160 2693 vel

142 2746 203 2787 una
226 2729 332 2788 saltem
354 2729 506 2803 perierint,
530 2747 603 2803 quas
627 2727 708 2804 quod
728 2729 868 2789 librarius
888 2729 923 2788 de
947 2748 1000 2790 suo
1023 2731 1160 2807 supplere

141 2826 280 2902 noluerit,
304 2843 436 2885 summae
460 2827 487 2884 ei
505 2824 588 2883 laudi
605 2826 778 2888 tribuemus.
815 2828 868 2887 hos
887 2829 966 2886 enim
983 2829 1075 2888 velim
1093 2847 1160 2888 con-

141 2924 252 2984 sideres
275 2924 356 2983 locos
380 2943 415 2983 ex
433 2922 600 2982 Achilleide
622 2926 732 3001 petitos
759 2955 797 2966 -
822 2943 892 2983 nam
914 2927 995 2985 intra
1017 2926 1070 2986 hos
1088 2926 1161 2986 fines

142 3024 175 3080 in
207 3023 379 3083 universum
415 3039 468 3081 nos
503 3021 735 3107 continebimus‚
774 3025 884 3099 quippe
916 3025 969 3098 qui
999 3022 1162 3083 Achilleidi

142 3121 235 3179 simus
257 3119 425 3196 praelaturi
447 3138 508 3176 -ε

351 3217 394 3276 ,*Ι
419 3218 436 3274 2
461 3217 519 3289 cco
542 3236 598 3277 om.
621 3210 671 3294 1²¹,
694 3216 760 3276 add.
783 3219 824 3279 1²⁰

357 3313 395 3373 *Ι
419 3315 566 3388 repulso
590 3335 645 3376 om.
669 3320 696 3377 Ρ
719 3315 822 3376 addita
844 3319 917 3377 neta

142 3435 357 3444 *-

217 3514 242 3582 1)
271 3511 369 3566 Electa
388 3510 524 3566 Statiano.
553 3528 645 3582 progr.
674 3511 799 3567 Berolini
827 3518 897 3567 1882
924 3531 951 3583 p.
975 3518 1016 3565 12.
1054 3509 1162 3565 ibidem

142 3591 323 3646 librariorum
340 3608 435 3646 versus
454 3591 485 3645 in
503 3591 557 3646 fine
577 3592 705 3661 adpictos
724 3592 857 3647 invenies.
