2598 3880
156 227 270 282 XXXIV
519 225 642 280 Editoris
661 225 809 296 praefatio.

157 397 343 472 explicantur
357 397 428 481 eius,
447 397 500 470 qui
517 394 628 453 librum
642 396 789 469 exoravit3
808 393 910 468 quide
925 411 1011 452 sensu
1030 393 1175 452 numeris-

157 513 214 570 que
228 493 316 570 plane
333 510 461 567 securus,
474 491 564 552 verbe
577 491 687 550 Latine
705 493 827 569 pingere
842 493 890 550 sat
908 490 1020 550 hebuit.
1054 491 1091 549 ef.
1106 509 1130 548 e
1147 511 1174 567 g.

223 591 239 649 Ι
260 593 321 651 179
346 591 509 663 crimenque
532 594 562 656 Q
583 609 639 664 pro
662 590 824 661 crinemque

223 687 322 748 1200
346 689 483 748 Desttoat
505 693 536 755 Q
557 706 611 764 pro
634 687 766 745 Destinet

223 787 322 846 1206
348 789 433 858 atace
455 786 600 858 inhospita
624 789 655 851 Q
676 803 732 860 pro
754 789 843 856 ooooe
862 783 975 857 hospita

224 884 322 942 1285
347 883 491 943 celerabat
513 888 543 950 Q
565 902 620 958 pro
643 881 804 940 celebrabat

223 981 239 1039 Ι
259 981 322 1039 363
341 984 475 1053 pateates
497 986 528 1048 Q
550 999 605 1056 pro
622 981 757 1052 pareatis

204 1093 205 1098 ¹
223 1070 239 1135 Ι
258 1078 322 1136 438
343 1093 391 1136 ore
410 1082 441 1144 Q
458 1096 512 1154 pro
531 1096 565 1136 eo
585 1076 664 1151 quod
686 1079 719 1136 in
742 1078 904 1152 archetypo
926 1077 1059 1135 familiae
1079 1079 1188 1143 QKG*

158 1177 218 1234 fuit
240 1191 301 1234 ora.

226 1272 242 1330 1
262 1273 324 1332 479
350 1271 441 1331 libera
460 1275 491 1338 Q
508 1291 562 1347 pro
581 1271 667 1330 liceo.
704 1273 818 1349 legeret
835 1274 911 1347 puto
930 1272 1007 1330 liaeo
1027 1272 1176 1330 librarius

225 1370 241 1428 Ι
254 1371 316 1429 677
328 1369 475 1444 clarosque
483 1373 513 1436 Q
522 1388 576 1444 pro
586 1369 760 1442 oleorospae,
768 1369 847 1444 quod
855 1371 1002 1428 corrector
1008 1360 1177 1448 restituitl)

224 1468 323 1528 1703
347 1467 398 1526 sed
420 1472 452 1535 Q
473 1487 527 1542 pro
550 1484 581 1525 ee

225 1566 324 1624 1717
349 1569 483 1625 armatas
506 1569 536 1631 Q
558 1582 612 1640 pro
635 1565 774 1623 armabis.
820 1566 852 1621 in
876 1564 1036 1638 exemplari
1059 1563 1179 1622 videtur

159 1665 250 1724 fuisse
273 1665 414 1721 aronaatc.

224 1760 323 1818 1736
347 1759 443 1818 littera
467 1763 498 1825 Q
520 1777 574 1834 pro
597 1757 684 1817 litora

225 1856 322 1915 1831
348 1849 491 1918 carre3tes
514 1847 587 1936 (fuit
608 1847 768 1936 cedema)
793 1860 824 1922 Q
846 1875 899 1931 pro
923 1860 1042 1914 curetes.

225 1955 335 2012 mirum
357 1955 389 2012 in
412 1952 534 2013 modum
560 1953 609 2012 hic
631 1953 694 2011 illic
717 1954 749 2012 in
771 1953 929 2012 levissimis
953 1955 1083 2028 peccetis
1106 1970 1178 2038 oon·¹
1288 1987 1289 1990 =

160 2070 261 2113 sensus
285 2053 330 2111 est
351 2053 431 2110 inter
454 2051 568 2111 codices
591 2055 618 2110 P
642 2052 672 2109 et
695 2056 737 2119 Q:

225 2149 325 2208 1460
348 2148 490 2207 classidas
511 2152 575 2215 PQ
596 2167 650 2223 pro
674 2149 811 2206 metibor.

226 2247 324 2305 1499
348 2246 457 2304 canda
478 2249 542 2311 PQ
564 2264 618 2319 pro
641 2247 744 2304 ecoeott.

227 2361 408 2419 quemquam
431 2362 467 2401 ne
490 2343 616 2399 nimium
643 2343 689 2400 his
716 2343 789 2403 loeis
816 2343 996 2417 tribuamus,
1025 2342 1180 2402 admoneo.

162 2443 262 2517 potest
284 2441 363 2498 enim
386 2457 456 2498 casu
479 2439 592 2497 factum
615 2456 686 2514 esse,
714 2441 812 2499 uteie
836 2443 1001 2518 eongmant
1027 2441 1074 2498 illi
1100 2440 1181 2498 libri.

163 2543 265 2597 temen
280 2555 315 2594 ex
334 2539 385 2610 eis,
400 2555 475 2612 qnae
492 2535 580 2596 modo
598 2538 760 2612 posuimus,
782 2537 870 2595 facile
889 2539 1084 2614 cognoscitur,
1102 2555 1181 2612 quae

164 2636 269 2694 librari
292 2637 333 2694 sit
354 2634 476 2694 indoles.
517 2653 588 2692 nam
611 2653 679 2693 cum
702 2636 732 2694 et
753 2637 785 2691 in
809 2639 834 2693 0
857 2635 942 2692 etin
963 2638 995 2693 K
1016 2634 1181 2709 interpola-

141 2732 144 2737 ’
164 2737 260 2793 terem
278 2730 446 2811 grusatuin
465 2749 527 2792 esse
545 2751 600 2807 pro
619 2732 772 2808 explorato
791 2734 839 2807 sit,
858 2733 890 2790 in
908 2737 940 2798 Q
957 2733 1033 2790 talia
1051 2734 1180 2808 vestigia

163 2850 223 2890 non
247 2831 372 2888 exstent.
408 2831 511 2904 itaque
533 2829 612 2888 hunc
635 2829 765 2889 codicem
787 2831 900 2905 optime
919 2829 1074 2906 archetypi
1091 2829 1181 2887 huius

161 2928 296 2986 familiae
318 2925 546 2986 similitudinem
568 2925 689 2986 reddere
711 2927 819 2987 iudico.

227 3027 328 3082 temen
357 3041 424 3082 cum
451 3042 504 3099 per
531 3024 649 3082 saecule
676 3026 823 3100 pessimae
850 3026 883 3082 in
910 3040 1011 3082 omnes
1039 3023 1181 3100 vulgatae

162 3122 342 3180 recensionis
379 3119 470 3179 libros
502 3122 608 3195 poetae
641 3112 841 3201 scholastici²)
873 3122 1053 3195 irrepserint
1088 3121 1180 3178 inter·

234 3356 260 3422 1)
280 3355 403 3421 laresque
420 3351 474 3406 hoe
492 3350 554 3407 loco
573 3349 687 3406 exhibet
706 3348 793 3406 codex
810 3349 1010 3405 Dommerichi.

233 3435 260 3502 2)
279 3431 314 3487 cf.
335 3431 412 3486 θην.
432 3430 493 3485 Snv.
513 3429 581 3484 dial.
599 3430 625 3482 H
639 3430 698 3500 (111)
713 3435 755 3498 10,
770 3437 787 3484 4
805 3432 938 3485 nimirem
955 3436 988 3484 at
1005 3428 1080 3484 dicit
1093 3437 1178 3496 porra

161 3513 251 3567 rocceio
269 3514 331 3581 qais
349 3543 382 3550 —
401 3512 507 3565 atteror
525 3512 597 3565 caim
610 3526 690 3564 ocrea
702 3512 842 3566 scolastico
856 3511 924 3579 qaia
937 3511 1009 3564 teter
1022 3508 1180 3564 scolasticos

161 3591 323 3658 fabulamur
343 3622 375 3630 -
395 3589 453 3644 iem
472 3589 599 3658 seqnitur
616 3587 703 3643 Theb.
718 3589 782 3645 ΠΗ
797 3593 857 3642 750.
