2598 3880
172 222 197 276 X
534 222 658 277 Editoria
676 221 823 292 praefatio.

171 390 223 448 ubi
246 390 277 448 in
299 389 357 449 fine
374 407 476 450 versus
499 390 710 450 detrimentum
732 391 846 450 factum
871 393 924 465 est,
947 390 1120 448 asteriscum
1139 387 1193 446 ad-

171 489 267 565 posui,
292 488 383 546 semel
405 487 458 546 ubi
479 488 512 545 in
529 488 626 562 initio,
645 506 768 547 crucem.
811 506 871 547 uno
894 489 985 563 atque
1008 486 1102 546 altero
1125 487 1193 546 loco

172 606 190 645 a
223 585 345 644 librario
385 585 577 662 neglegenter
607 585 753 645 scribente
789 587 945 662 peccatum
974 601 1036 644 esse
1068 584 1193 642 minime

171 685 351 761 negaverim,
373 683 422 741 hic
444 683 509 741 illic
531 683 594 759 ipse
618 683 768 742 adnotavi.
809 685 910 742 tamen
933 701 1009 758 quae
1032 684 1079 740 cst
1099 685 1193 740 teme·

171 783 246 840 ritas
279 781 433 841 scribentis
457 799 481 839 e.
506 801 533 858 g.
556 780 654 840 videta
684 799 739 857 pro
771 780 885 840 edetur
912 780 960 840 vel
982 777 1109 838 Amenta
1135 797 1193 855 pro
1287 779 1290 786 ’

171 878 330 946 Lamenta,
363 897 400 938 ne
432 878 520 954 plura
547 878 595 936 hic
622 875 792 953 proferam?
838 896 914 953 quae
942 879 968 936 si
991 879 1058 952 quis
1086 876 1194 936 librari

172 978 291 1036 levitati
322 975 453 1035 tribuere
485 975 572 1049 uelit,
605 974 774 1034 contradico
807 994 897 1051 quam
927 976 1063 1034 maxime.
1115 974 1194 1034 talia

173 1075 272 1148 quivis
295 1074 383 1132 homo
406 1073 455 1133 rel
478 1073 623 1132 elementa
646 1071 755 1131 Latina
778 1072 899 1132 edoctis
924 1073 986 1131 fere
1008 1090 1069 1132 non
1090 1073 1194 1148 potuit

174 1189 234 1230 non
252 1171 397 1246 supplere.
436 1171 463 1230 si
479 1173 581 1229 tamen
598 1171 697 1228 noluit
714 1169 854 1229 librarius
876 1170 933 1229 hac
951 1169 1040 1229 laude
1059 1170 1194 1248 gloriari,

172 1267 347 1346 diligentiae
379 1270 480 1345 potius
513 1287 603 1344 quam
635 1267 839 1345 neglegentiae
869 1269 932 1327 cius
958 1268 1015 1328 hoc
1048 1266 1192 1328 adscribo.

172 1385 243 1424 nam
269 1385 337 1426 eum
364 1385 424 1424 non
451 1365 543 1424 fuisse
569 1367 804 1424 mercennarium
831 1365 1008 1440 quemlibet,
1040 1364 1091 1425 sed
1123 1385 1193 1424 eum
1296 1381 1297 1390 ¹

173 1465 225 1539 qui
252 1483 328 1539 quae
355 1462 475 1542 legebat
500 1462 593 1540 probe
620 1463 820 1541 intellegeret,
852 1462 1070 1539 subscriptione
1100 1465 1193 1539 primi

172 1561 242 1620 libri
256 1560 422 1620 Thebaidos
441 1560 605 1635 edocemur,
623 1560 675 1619 ubi
692 1561 778 1621 haec:
804 1559 884 1633 opas
901 1562 995 1634 primi
1017 1560 1085 1620 labet
1101 1561 1192 1619 mira-

173 1658 224 1717 bda'
242 1658 424 1718 delectatione
439 1650 608 1737 iperceteea
626 1663 673 1717 cst.
708 1658 796 1717 Nuce
813 1658 854 1717 ad
871 1658 991 1717 eeeueadc'
1008 1659 1077 1718 libri
1092 1651 1096 1738 l
1112 1658 1193 1716 oola-

172 1772 238 1814 mea
260 1773 320 1814 noa
343 1755 479 1814 dissimili
500 1757 600 1815 actaeo
622 1773 711 1828 qaam
728 1757 861 1829 mimam
877 1748 881 1835 l
897 1757 1059 1830 accepimus
1077 1772 1192 1814 coacer-

172 1857 277 1912 tamar.
315 1871 497 1928 quamquam
513 1855 610 1929 magis
634 1856 724 1928 atque
746 1855 841 1931 magis
865 1854 997 1912 studium
1020 1872 1087 1912 eum
1104 1855 1191 1912 remi·

173 1952 244 2009 sisse
264 1952 452 2028 cognoscitur
470 1969 513 2024 eo,
532 1950 612 2026 quod
629 1950 806 2027 procedente
825 1950 926 2010 labore
946 1954 1073 2027 augetur
1090 1969 1192 2010 eorum

173 2065 311 2107 numerus
340 2049 481 2122 locorum,
503 2048 556 2107 ubi
578 2048 767 2125 neglegentia
788 2048 906 2107 librarii
934 2047 1042 2107 menda
1068 2047 1191 2107 inducta

173 2147 243 2204 sunt
265 2147 297 2204 in
315 2144 506 2205 Puteaneum.
543 2149 644 2205 tamen
664 2146 734 2204 hinc
752 2164 812 2205 non
830 2147 983 2221 evertitur,
1006 2145 1086 2221 quod
1104 2144 1192 2206 modo

174 2244 341 2302 statuimus.
388 2262 458 2301 nam
486 2245 595 2316 exeis,
619 2261 694 2318 quae
722 2243 811 2321 longo
834 2243 937 2302 ordine
961 2262 1051 2321 supra
1074 2262 1191 2320 compo-

173 2343 295 2416 suimus,
318 2340 442 2399 minima
464 2359 534 2417 pars
554 2339 592 2398 ad
611 2340 705 2398 solam
724 2342 945 2419 neglegentiam
961 2342 1066 2400 referri
1084 2344 1190 2417 potest.

174 2441 252 2497 certe
276 2439 355 2497 circa
377 2456 480 2497 versus
502 2438 518 2497 I
540 2439 713 2497 912-922
739 2439 900 2498 fenestram
922 2439 1013 2498 fuisse
1036 2439 1068 2497 in
1091 2439 1193 2497 arche·

173 2539 246 2612 typo
269 2535 344 2592 mihi
367 2535 487 2611 quidem
510 2536 697 2611 exploratum
715 2538 767 2595 est.
806 2540 918 2611 quanta
937 2540 1037 2595 autem
1056 2537 1192 2595 cautione

172 2634 205 2690 in
233 2633 347 2692 lacunis
371 2632 522 2708 explendis
550 2633 642 2691 fuerit
665 2633 814 2707 librarius,
842 2635 953 2709 optime
981 2635 1111 2693 cernitur
1136 2633 1193 2694 hoc

173 2732 239 2806 ipso
275 2730 348 2790 loco.
403 2747 490 2789 versu
527 2731 606 2789 enim
638 2732 701 2790 912
739 2731 871 2791 litteram
902 2748 930 2790 -e
964 2750 1055 2807 quam
1091 2730 1192 2790 deesse

174 2829 328 2905 cognovit,
365 2829 456 2903 spatii
492 2830 607 2886 ratione
644 2829 765 2887 minime
802 2831 925 2906 cogente
962 2847 1052 2906 supra
1089 2847 1193 2889 vocem

605 2933 618 2971 e

175 2977 291 3036 addidit
311 2980 356 3037 ita
379 2980 414 3036 ut
436 2981 531 3050 exstet
552 2983 638 3053 aatd3
665 2981 697 3037 in
720 2979 911 3055 sequentibus
933 3000 971 3038 nc
992 2981 1049 3040 hoc
1071 2980 1194 3056 quidem

173 3093 262 3134 ausus
286 3078 338 3135 est.

240 3175 302 3232 iam
319 3192 389 3233 vero
408 3174 440 3231 in
458 3175 525 3250 ipsa
544 3173 694 3234 Thebaide
713 3176 801 3252 plura
824 3178 913 3251 atque
933 3195 968 3236 ea
986 3176 1194 3236 manifestiora

174 3271 301 3348 vestigia
333 3271 509 3330 lacunarum
541 3275 671 3346 exstant,
707 3290 784 3347 quae
816 3272 864 3332 hic
895 3273 1027 3334 breviter
1061 3277 1194 3334 nectare

174 3387 280 3446 operae
299 3371 429 3445 pretium
448 3372 494 3430 est
510 3372 678 3447 propterea,
692 3369 772 3445 quod
790 3387 850 3428 non
863 3369 1068 3432 Kohlmannus
1087 3374 1194 3450 solum,

174 3466 225 3525 sed
255 3468 347 3525 etiam
370 3464 442 3526 Otto
465 3467 574 3527 Mllller
600 3469 633 3527 in
664 3471 811 3544 apparatu
834 3469 936 3528 critico
959 3471 1010 3528 vix
1032 3472 1196 3547 quicquam

174 3562 210 3620 de
233 3564 289 3623 hac
311 3584 342 3624 re
367 3566 530 3626 adnotavit,
