2598 3880
407 451 566 519 Addeuda
589 453 622 518 et
645 451 853 538 Corrigenda

190 576 229 634 ad
246 595 274 651 p.
291 567 312 632 5
332 595 358 634 v.
382 575 421 631 13
441 574 518 630 mitte
536 576 645 631 certeis
664 574 699 632 os.
720 593 743 632 4.
761 594 787 650 g.
803 574 900 632 Vnus.
916 573 988 632 Aen.
1008 575 1050 633 IX
1067 577 1138 634 148.

191 665 228 723 ad
246 684 274 740 p.
297 655 341 722 13
362 683 388 722 v.
410 665 472 722 194
492 665 587 720 144414
606 664 732 721 eonieoit
750 660 961 722 Gustafssonus
984 684 1038 738 pro
1057 665 1137 723 veto.
1198 659 1199 662 ’
1289 643 1292 646 ¹

191 755 229 813 ad
242 773 271 829 p.
285 745 330 811 l4
340 773 367 810 v.
380 752 664 810 204411444414441
677 769 762 827 posse
777 752 901 810 adnotat
914 753 1000 811 idem.
1021 753 1140 810 Thetidi

125 865 140 902 e
167 845 232 901 1444
260 843 411 917 superiore
438 844 532 899 terras
560 842 690 899 intuenti
717 843 800 899 artae
823 842 850 898 h.
873 861 896 900 e.
924 843 957 899 in
980 845 1140 919 angustum

125 935 255 1008 spatium
270 931 418 990 confertae
428 931 567 988 videntur
580 931 702 987 insulae.
727 930 814 988 411144
823 948 869 988 res
884 949 914 989 se
928 931 1018 989 habet
1027 951 1053 990 v.
1067 932 1138 990 530.

192 1021 230 1079 ad
261 1040 289 1094 p.
320 1011 364 1078 15
393 1040 419 1078 v.
451 1021 513 1077 239
548 1021 673 1077 eonieoit
701 1021 824 1091 sepetor.
841 1023 868 1077 et
888 1039 941 1095 pro
965 1019 1007 1078 Et
1033 1022 1137 1087 senior,

125 1110 275 1186 eleganter
294 1109 421 1184 quidem,
445 1108 496 1167 sed
519 1128 578 1166 non
597 1109 770 1182 necessarie,
789 1110 815 1166 41
834 1109 905 1183 quid
923 1109 1016 1167 video.
1055 1111 1140 1181 equis

125 1201 203 1257 enim
232 1219 299 1257 eum
325 1199 443 1271 iupeme't
471 1198 707 1273 coniungeudum
729 1196 848 1255 videtur
874 1217 927 1256 nee
955 1199 1050 1256 senior
1074 1217 1140 1256 eon-

126 1291 208 1346 stans
232 1287 405 1345 Fluviorum
429 1287 581 1362 epitheton
604 1285 820 1343 removendum.

193 1396 219 1450 p.
247 1368 291 1432 16
315 1379 347 1432 in
370 1375 561 1432 adnotatione
585 1377 688 1431 notum
711 1393 786 1448 quae
811 1374 894 1432 adv.
915 1376 977 1432 242
1002 1377 1141 1451 pertinet,

128 1483 224 1521 errore
248 1464 335 1521 adv.
361 1464 423 1520 243
448 1463 542 1520 relata
566 1465 618 1520 441.

193 1552 231 1609 ad
263 1571 291 1627 p.
328 1543 370 1609 11
405 1571 432 1608 4.
462 1552 523 1608 276
558 1551 676 1609 euerde‘e
712 1555 836 1608 4144441
866 1551 973 1610 4414144
1005 1555 1138 1625 effrenae.

127 1642 272 1699 1414111444
296 1658 354 1714 eqs
379 1641 534 1715 proposuit
557 1638 775 1698 Gustafssonus.
822 1659 880 1715 qua
903 1643 1141 1717 interpunctione

126 1733 250 1804 aooepta
279 1729 368 1788 velim
395 1748 492 1788 meam
520 1731 719 1786 eonieoturam
748 1733 872 1788 mouent
897 1732 929 1787 in
956 1733 1070 1789 textum
1096 1752 1141 1790 re-

126 1821 195 1894 eipi.
242 1817 321 1876 idem
345 1836 425 1875 error
447 1820 480 1876 in
502 1821 528 1875 P
552 1817 641 1875 Theb.
661 1817 692 1874 II
712 1819 783 1875 674.

193 1907 281 1982 adp.
307 1899 353 1964 30
377 1908 486 1966 4521
513 1906 603 1964 eudes
626 1907 713 1964 malit
736 1905 954 1967 Gustafssonus.

193 1996 232 2054 ad
253 2016 282 2070 p.
308 1987 353 2053 32
378 2016 404 2053 v.
431 1997 493 2052 556
526 1995 616 2052 addas
648 1995 813 2069 exemplum
836 1996 1043 2074 Vergilianum
1065 1997 1139 2055 Aen.

3 2067 5 2160 s
127 2085 187 2142 VH
207 2087 270 2143 700
294 2103 359 2142 euru
381 2101 442 2142 sese
465 2087 587 2156 epaste
609 2084 739 2154 referunt
762 2075 883 2164 (cycni).

196 2173 283 2249 adp.
309 2165 353 2230 41
379 2193 406 2231 v.
428 2173 489 2230 753
514 2188 593 2230 more
616 2173 741 2230 oonieoit
765 2170 984 2232 Gustafssouus.

196 2262 282 2337 adp.
307 2253 353 2319 44
376 2281 404 2320 v.
429 2262 493 2320 810
525 2277 588 2318 sors
619 2261 698 2319 idem
731 2261 916 2320 commendat
948 2282 963 2321 e
991 2263 1140 2322 Vatieeno

129 2352 224 2410 3281.
270 2355 302 2408 41
324 2351 387 2422 fors
409 2351 550 2427 intellego
574 2351 732 2408 fortunam.

195 2441 232 2498 ad
256 2461 284 2514 p.
310 2433 355 2497 54
379 2460 404 2497 v.
431 2441 471 2497 24
496 2441 711 2510 confessumque
738 2459 805 2498 oum
835 2439 1029 2505 deterioribus
1057 2442 1141 2500 libris

128 2531 216 2588 soribi
246 2529 329 2586 iubet
358 2527 576 2587 Gustafssonus
627 2547 722 2601 neque
753 2532 854 2586 tamen
883 2530 957 2587 mihi
986 2534 1140 2606 persuasit,

127 2620 200 2676 item
224 2617 302 2691 quod
325 2638 351 2675 v.
372 2619 412 2674 36
436 2619 506 2674 attis
528 2618 620 2691 reoipi
642 2618 715 2674 vult.

195 2707 233 2764 ad
251 2727 278 2782 p.
299 2698 344 2763 57
365 2727 391 2764 v.
413 2707 452 2763 93
474 2706 565 2764 addas
584 2708 733 2782 egregiam
752 2703 938 2764 Gustafssoni
960 2710 1139 2766 oouieturam

3 2807 5 2862 ;
127 2797 172 2854 us
195 2791 293 2873 <444>
311 2797 442 2868 wiotum
464 2813 549 2852 erma
572 2794 728 2853 ostendisse
750 2795 870 2853 toeerte's.

196 2904 223 2959 p.
247 2877 298 2944 VI
320 2904 347 2942 v.
372 2885 392 2940 4
416 2885 497 2959 legas
520 2886 680 2941 antistaret.

195 2993 223 3049 p.
247 2965 303 3031 IX
325 2993 352 3031 v.
378 2976 396 3030 2
421 2975 511 3031 etiam
535 2975 569 3030 -ot
592 2974 696 3030 erectis
718 2973 827 3030 litteris
851 2972 1050 3032 excudendum
1076 2975 1139 3034 fuit.

195 3081 224 3137 p.
247 3054 369 3121 XXIV
392 3081 418 3120 v.
444 3063 484 3120 25
508 3062 590 3137 leges
615 3053 671 3120 49¹³
694 3081 748 3137 pro
773 3064 844 3120 496.

196 3154 353 3226 postquam
385 3153 446 3208 iam
474 3150 640 3208 absolutum
668 3153 712 3209 441
740 3169 825 3226 opus,
859 3151 1003 3226 quaedam
1035 3155 1141 3212 menda

4 3233 5 3290 ἐ
129 3258 294 3315 operarum,
317 3258 376 3297 non
399 3257 464 3297 mea
487 3241 574 3314 eulpa
597 3241 629 3300 in
651 3240 784 3298 libellum
805 3241 962 3316 inrepsere,
985 3261 1008 3299 e.
1023 3263 1050 3319 g.
1069 3237 1141 3317 pv

4 3354 8 3367 ·
130 3330 306 3404 compluries
324 3331 355 3386 in
374 3329 659 3403 interpunctionibus
678 3331 831 3404 peooatum
850 3332 903 3405 est,
925 3350 953 3405 p.
968 3321 1013 3388 47
1033 3352 1059 3391 4.
1076 3332 1137 3390 861

130 3421 295 3476 monstrum
314 3416 434 3497 doerseo
453 3437 506 3492 pro
525 3418 646 3476 edeeeso
669 3417 729 3495 legi
748 3417 838 3477 doleo.
877 3437 930 3492 pro
951 3419 1056 3492 quibus
1078 3422 1140 3496 opi-

129 3506 217 3565 fioum
238 3509 358 3565 nomine
382 3507 499 3566 veniam
521 3525 601 3584 rogo.

530 3645 741 3652 —d—...sp-
