2598 3880
477 232 600 288 Editoris
617 233 765 302 praefatio.

248 399 265 459 Ι
289 402 352 460 648
377 403 473 461 vibrat
494 406 534 460 P:
557 402 692 461 vibrabat
714 418 745 460 ω
824 413 825 416 ’

247 499 263 558 Ι
288 499 352 558 650
375 500 426 572 qwt
447 503 488 558 P:
511 498 582 571 qaid
605 515 636 557 ω

247 596 733 655 Itataanea:amsew

247 694 263 753 I
289 697 351 753 717
376 710 443 767 -qae
465 713 522 752 om.
545 698 572 752 P

247 791 263 850 Ι
287 793 350 851 803
376 795 477 851 carata
500 796 540 850 P:
564 795 682 850 amotas
705 808 736 850 ω

130 913 132 919 ·
246 885 263 945 Ι
286 889 349 947 817
367 890 459 962 ‘ayant‘
481 893 521 947 P:
543 891 644 962 :aqaei
667 906 698 948 ω

224 985 262 1044 *Ι
285 986 350 1044 844
373 985 455 1045 tabor
477 990 516 1044 P:
539 986 649 1045 labolts
671 1003 703 1045 ω

247 1082 264 1141 Ι
287 1084 351 1142 879
376 1100 442 1156 -qae
464 1102 521 1143 om.
544 1089 571 1143 P

219 1175 263 1259 †I
286 1182 349 1241 887
373 1179 501 1240 Ameata
522 1186 562 1241 P:
585 1181 732 1241 Lamenta
755 1198 786 1240 ω

225 1279 263 1337 *Ι
287 1279 350 1338 905
374 1281 421 1338 vir
474 1282 501 1338 P
514 1298 569 1356 pro
583 1281 672 1355 atres:
685 1280 774 1356 plane
791 1279 873 1338 aliud
887 1281 919 1337 in
933 1295 964 1338 ω
978 1279 1097 1358 legitur.
1106 1272 1131 1362 ¹)

245 1377 261 1436 I
286 1377 348 1436 908
368 1379 514 1450 prostavit
535 1381 562 1435 P
586 1369 654 1457 (pro
672 1368 862 1457 prostravit):
880 1379 1004 1450 proiecit
1025 1394 1057 1436 ω

224 1473 261 1531 *Ι
286 1475 348 1532 913
372 1474 470 1532 videta
491 1478 531 1532 P:
554 1474 668 1532 videtur
690 1490 722 1532 ω

224 1571 261 1630 *Ι
285 1572 349 1630 914
371 1573 416 1630 tre
438 1590 494 1630 om.
517 1575 544 1629 P

223 1667 261 1727 *Ι
286 1669 347 1729 916
372 1668 474 1728 achille
496 1673 535 1727 P:
559 1667 676 1729 achilles
698 1685 730 1727 ω

246 1767 262 1826 Ι
286 1769 349 1826 917
374 1766 416 1825 at·
438 1771 478 1825 P:
501 1766 554 1825 tall
577 1783 609 1825 ω

245 1864 261 1923 Ι
285 1865 348 1922 918
374 1866 443 1937 effer
464 1869 504 1923 P:
528 1866 609 1938 effert
631 1881 662 1923 ω

244 1962 260 2021 Ι
285 1965 347 2022 919
371 1961 520 2022 natam
542 1967 583 2021 P:
605 1963 765 2022 Deidamia
789 1978 820 2020 ω

222 2058 315 2117 *ibit
339 2077 389 2118 am
413 2051 487 2140 (eat
509 2059 577 2118 add.
600 2051 652 2139 P‘)
676 2064 716 2118 P:
740 2075 840 2119 allatas
863 2075 894 2117 ω

223 2156 260 2214 *Ι
285 2158 347 2215 921
372 2157 444 2229 faeti
467 2148 508 2237 (a
531 2155 597 2216 add.
620 2149 673 2237 ΡΙ)
696 2161 737 2215 P:
759 2157 845 2229 faetta
868 2173 900 2215 ω

223 2253 261 2312 *Ι
286 2255 349 2313 922
368 2270 441 2326 pose
464 2246 511 2335 (-ᾶ
533 2253 599 2312 add.
623 2245 675 2335 ΡΙ)
699 2258 739 2313 P:
755 2258 860 2328 poscat
882 2245 945 2333 (0²)

231 2352 263 2409 H
286 2353 327 2410 37
353 2369 369 2410 0
392 2370 448 2411 om.
469 2356 496 2410 P

230 2449 262 2506 H
277 2449 318 2530 16
334 2466 354 2508 a
369 2453 424 2507 etes
437 2453 464 2507 P
479 2451 576 2525 spatio
590 2451 677 2508 unius
692 2449 811 2508 litterae
825 2449 943 2508 relicto:
958 2454 1050 2509 aeoles
1064 2443 1128 2532 ω*)

230 2547 262 2604 H
286 2548 347 2605 129
373 2547 414 2605 ad
437 2565 492 2604 om.
516 2539 574 2626 P4)

230 2643 261 2702 Π
286 2645 348 2702 155
373 2645 405 2702 Ε
425 2648 465 2702 P:
488 2645 531 2702 Et
553 2660 584 2702 ω

182 2807 208 2874 1)
237 2820 317 2858 erasa
344 2803 391 2858 hie
414 2803 554 2872 quaedam
577 2819 637 2857 esse
663 2803 734 2857 falso
753 2802 948 2858 Kohlmnnus
974 2804 1126 2858 contendit.

109 2900 224 2938 rasurae
243 2883 318 2938 enim
336 2899 388 2938 nee
406 2883 470 2937 vola
488 2899 540 2936 nee
558 2882 716 2952 vestigium.

181 2966 208 3034 2)
222 2964 326 3018 iterum
339 2963 432 3017 minus
447 2963 578 3017 accurate
592 2963 628 3016 de
641 2962 784 3017 Puteaneo
798 2961 910 3017 rettulit
923 2963 1127 3034 Kohhnannus,

1 3111 2 3114 Ἴ
109 3061 174 3098 aum
188 3049 306 3112 poscant
324 3043 354 3096 in
373 3059 405 3097 eo
425 3059 485 3097 esse
500 3041 657 3111 adnotaret,
676 3042 815 3097 adductus
834 3043 967 3097 nimirum
985 3060 1051 3098 vote
1070 3046 1125 3098 Im-

104 3121 302 3194 pleaat,‘quae
321 3122 403 3178 initio
422 3139 517 3178 versus
535 3122 647 3193 legitur.

181 3206 207 3274 9)
225 3203 304 3257 nolui
322 3202 369 3257 hic
393 3203 502 3258 adferre
520 3202 594 3257 1175
612 3202 663 3256 ubi
681 3209 764 3272 rapta
781 3209 802 3255 P
825 3203 950 3269 exhibet,
973 3209 1084 3272 raptam
1102 3210 1127 3258 et

108 3282 195 3338 aeteri
222 3283 341 3338 codices.
388 3299 455 3337 nam
480 3282 611 3336 voculam
637 3289 663 3337 et
694 3283 808 3338 inanem
835 3299 895 3338 esse
923 3283 1126 3338 demonstravit

2 3368 5 3402 l
69 3425 70 3428 Ἰ
106 3362 342 3418 Wilamowitzius
361 3363 407 3434 (ef.
423 3364 576 3434 apparatus
600 3363 734 3433 criticus),
752 3362 888 3417 lineolam
906 3364 1001 3417 autem
1019 3379 1076 3430 qua
1098 3381 1126 3417 m

106 3443 152 3498 vel
169 3460 190 3498 a
209 3443 392 3514 significatu,
411 3443 488 3497 haud
506 3459 569 3497 raro
588 3443 720 3498 librarius
739 3443 842 3496 omisit.

179 3526 206 3593 4)
225 3526 293 3578 nota
311 3523 342 3576 in
361 3528 410 3582 Qx
428 3522 475 3576 hie
493 3529 519 3576 et
537 3522 698 3577 desiderari.
730 3523 806 3577 unde
825 3523 944 3592 apparet
962 3521 1046 3576 facile
1064 3522 1125 3576 fieri

105 3603 241 3674 potuisse,
260 3604 292 3656 ut
310 3601 443 3656 librarius
463 3602 581 3656 alteram
599 3604 693 3656 utram
711 3602 882 3672 particulam
900 3599 1069 3669 neglegeret.
