2598 3880
487 192 610 248 Editcris
629 194 776 264 praefatio.
1014 195 1141 248 XXXVII

190 379 206 418 e
235 379 360 436 quorum
390 360 480 419 turba
512 364 671 438 optimam,
699 365 844 438 quantmn
877 360 1013 436 equidem
1045 363 1141 437 video,

116 457 270 517 familiam
308 459 451 536 elegimus
493 459 643 533 codicum,
684 459 720 518 de
757 459 864 535 quibus
902 477 991 535 supra
1027 461 1141 537 egimus

119 560 228 622 QcK.
275 575 401 631 quorum
424 557 564 616 lectiones
586 559 618 615 in
641 559 790 633 apparatu
813 557 916 616 critico
939 557 1070 634 integras
1094 577 1141 616 ex-

118 653 281 712 hibuimus.
342 673 358 712 e
394 654 518 729 reliquis
549 654 755 714 Kohlmannus
791 653 937 730 quosdam
973 653 1141 713 addiderat:

118 743 596 832 Trevirensem(t),Pa1isinum
621 753 706 811 8052
731 743 789 832 (p),
814 750 983 810 Gudianum
1008 752 1048 809 52
1073 743 1087 832 (
1119 745 1142 832 ),

119 848 391 908 Helmstadiensem
422 841 496 930 (H),
527 849 821 908 Dommericbianum
854 840 946 929 (nunc
973 847 1142 908 Gudianum

121 947 198 1019 292,
215 947 232 1004 2
252 935 304 1025 D).
342 964 417 1021 quos
435 964 488 1005 nos
507 965 627 1023 prorsus
645 946 813 1006 abiecimus.
851 965 921 1004 nam
940 947 993 1004 aut
1010 947 1142 1005 omnium

119 1043 257 1101 codicum
284 1042 425 1102 lectiones
453 1044 638 1103 adnotandas
670 1045 761 1103 fuisse
794 1045 848 1102 aut
879 1061 981 1103 eorum
1013 1046 1141 1119 tantum,

121 1139 230 1214 quibus
253 1143 384 1200 recensio
407 1142 524 1216 nititur,
551 1143 626 1200 mihi
653 1159 827 1217 persuasum
851 1143 902 1200 est.
949 1143 1052 1216 itaque
1074 1159 1142 1199 cum

121 1255 224 1295 omnes
250 1257 310 1296 non
334 1238 481 1314 possimus
506 1239 630 1316 adferre,
654 1241 802 1298 sarcinam
820 1256 1070 1314 supervacaneam
1088 1257 1142 1297 1166

121 1334 209 1392 nobis
240 1353 292 1392 nec
314 1336 365 1408 eis,
384 1337 437 1410 qui
458 1337 536 1394 forte
558 1337 669 1412 legant,
692 1334 902 1412 imponendam
921 1353 983 1394 esse
1002 1335 1142 1394 arbitrati

124 1449 236 1488 sumus¹
269 1449 339 1489 nam
354 1450 535 1507 quamquam
554 1432 700 1501 laudabili
718 1431 817 1490 studio
835 1431 1157 1507 116661161111116111111111Ῠ

124 1548 140 1585 6
164 1527 421 1602 bybliothecarum
443 1528 573 1588 tenebris
596 1528 666 1586 libri
688 1530 866 1588 recentiores
896 1530 1041 1604 protracti
1064 1532 1141 1602 611116,

123 1628 227 1683 temen
250 1628 369 1684 tantum
392 1625 476 1684 abest
498 1629 532 1685 ut
555 1644 655 1685 omnes
673 1624 856 1685 Achilleidos
875 1626 989 1684 codices
1006 1627 1141 1684 innotue-

122 1725 194 1795 rint,
227 1724 261 1780 ut
292 1722 328 1780 de
360 1708 461 1781 nostro
493 1724 635 1798 quosdam
668 1724 776 1783 addere
803 1725 958 1799 possimus.
1003 1723 1036 1781 id
1062 1724 1142 1798 quod

121 1821 211 1878 huius
235 1820 293 1878 loci
315 1838 374 1878 11611
398 1839 460 1880 6666
483 1823 564 1897 puto.
611 1841 704 1880 unum
726 1825 828 1880 tamen
851 1821 1015 1880 cavendum
1039 1824 1092 1896 est,
1116 1823 1141 1880 si

124 1919 192 1991 quis
217 1917 325 1976 codicis
348 1920 418 1976 ante
441 1938 500 1978 non
524 1920 637 1996 cogniti
660 1919 802 1977 lectiones
824 1917 938 1993 publici
955 1920 1029 1977 iuris
1048 1919 1142 1976 faciat

123 2035 161 2073 116
184 2034 290 2090 parum
314 2020 400 2073 caute
423 2018 527 2074 ceteris
551 2015 635 2074 libris
658 2035 718 2074 non
741 2014 883 2073 adhibitis
901 2017 997 2073 certas
1016 2015 1140 2073 deterio-

125 2132 193 2169 rum
217 2111 351 2170 codicum
373 2113 505 2170 familias
529 2114 670 2172 constitui
692 2129 778 2188 posse
802 2111 970 2170 arbitretur.
1016 2129 1085 2168 nam
1108 2114 1142 2170 ut

125 2229 218 2266 unum
236 2209 386 2284 proferam
405 2210 580 2286 exemplum,
603 2208 717 2269 codices
736 2208 916 2267 Vaticanum
937 2209 1031 2283 1663,
1054 2207 1141 2286 Regi-

125 2300 230 2364 irenses
252 2307 335 2365 1556
356 2310 386 2365 66
405 2308 500 2381 1708,
518 2306 694 2366 Urbinatam
714 2307 787 2381 648,
806 2305 1140 2366 Ottobonianum14l5

7 2419 8 2422 ’
125 2423 144 2462 a
173 2406 322 2463 communi
350 2404 511 2480 archetypo
540 2406 685 2483 originem
710 2403 816 2463 ducere
838 2403 1034 2464 demonstrari
1056 2421 1142 2478 posse

7 2555 9 2562 s
125 2502 245 2577 putavit
262 2493 434 2582 Wotkius¹)
455 2520 497 2575 eo,
517 2502 595 2576 quod
618 2505 650 2559 in
672 2503 718 2560 his
742 2501 825 2560 libris
844 2519 946 2561 versus
964 2501 1037 2559 Aah.
1052 2500 1083 2558 H
1099 2501 1139 2558 68

125 2601 167 2657 616
191 2598 283 2657 cadit:

338 2706 409 2776 quid
431 2707 507 2764 caim
527 2705 657 2778 9611111166
680 2705 798 2776 foedera
820 2707 926 2776 corrupt.

126 2850 225 2905 tamen
252 2849 284 2904 in
313 2850 373 2912 Qc
400 2845 480 2905 idem
510 2848 619 2920 exstat,
647 2845 698 2904 sed
725 2864 785 2903 non
811 2848 874 2903 tam
901 2844 1019 2919 Wotki,
1052 2864 1141 2920 quam

7 2971 8 2974 ¹
126 2944 306 3002 Kobhnauni
334 2944 421 3019 culpa
444 2945 501 3018 666,
530 2945 581 3018 qui
604 2946 638 3001 ut
660 2943 762 3002 multis
788 2943 874 3017 locis,
897 2943 941 3000 ita
963 2942 1013 3000 hic
1035 2961 1141 3018 parum

8 3105 9 3108 ¹
126 3043 262 3100 accurate
290 3041 326 3099 de
350 3045 380 3108 Q
406 3041 531 3098 rettulit.
577 3041 609 3098 id
636 3041 716 3116 quod
742 3040 817 3098 mihi
839 3040 901 3099 1616
924 3039 1141 3099 dubitationem

7 3175 9 3206 ³
125 3143 225 3198 movet
248 3139 283 3196 de
306 3138 415 3197 codicis
437 3142 469 3196 Κ
490 3139 624 3198 lectione.

7 3235 9 3244 ’
191 3254 245 3294 nos
267 3237 361 3314 igitur
382 3237 479 3295 totam
501 3237 579 3295 hanc
601 3237 796 3314 farraginem,
821 3235 900 3294 unde
922 3238 1029 3311 poetae
1050 3233 1140 3292 verba

7 3323 8 3358 ³
127 3335 168 3391 nil
200 3334 311 3392 lucrari
343 3336 458 3419 certum
488 3337 544 3408 est,
578 3333 761 3412 negleximus
793 3352 847 3410 pro
881 3334 970 3392 huius
1003 3331 1141 3391 editionis

206 3475 220 3479 ⁴
225 3473 339 3480 .-.-,...—4

193 3558 219 3625 1)
230 3555 392 3610 zeitschrift
401 3555 446 3610 fiir
456 3552 1071 3622 betemeichischeGymnasienXLH(1891)p.
1079 3556 1139 3605 200.
