2598 3880
156 215 276 268 'XXVIII
524 214 647 268 Editoris
664 213 814 283 praefatio.

160 382 300 441 librarius
324 374 391 463 (0⁸)
415 382 528 442 scholia
550 382 709 458 adscripsit
731 387 761 443 et
783 385 893 443 multas
916 383 1014 444 varias
1037 382 1180 442 lectiones

161 479 285 540 addidit.
316 480 406 556 paulo
424 484 493 556 post
508 499 574 539 eum
593 483 717 555 quartus
731 482 763 540 in
778 481 876 541 codice
891 485 1043 560 grassatus
1058 483 1111 556 est,
1125 481 1181 556 qui

162 578 293 653 antiquis
316 578 494 638 lectionibus
516 579 608 637 ferme
632 579 723 638 erasis
746 597 815 639 suas
834 579 1038 656 undecumque
1055 578 1181 638 haustas

162 678 378 753 suprascripsit.

229 778 422 834 correctorem
448 775 579 850 primum
606 774 705 834 codice
733 775 861 851 quodam
888 793 975 835 usum
997 793 1073 850 esse,
1100 774 1180 834 unde

161 891 274 933 errores
302 875 349 932 sat
374 873 485 932 multos
513 891 586 948 quos
613 872 753 932 librarius
781 875 968 933 commiserat
1001 871 1180 948 emendaret,

162 972 213 1032 sed
243 990 302 1030 non
330 970 441 1045 eodem,
468 969 546 1029 unde
569 970 708 1030 librarius
731 973 846 1030 textum
872 973 1112 1047 transcripserat,
1145 989 1179 1029 eo

161 1068 313 1145 probatur,
341 1068 420 1144 quod
447 1087 507 1127 non
534 1069 630 1127 solum
655 1069 759 1128 multis
786 1069 859 1128 locis
886 1071 1031 1148 genuinas
1057 1069 1179 1128 reduces

162 1168 234 1226 fecit
257 1166 397 1226 lectiones
421 1185 439 1226 a
461 1166 584 1225 librario
608 1169 670 1226 sive
692 1168 881 1246 neglegentia
899 1169 961 1227 sive
979 1169 1099 1228 inscitia
1116 1187 1179 1224 mu·

162 1267 255 1340 tatas,
286 1265 336 1323 sed
366 1266 457 1323 etiam
482 1266 614 1342 integros
637 1283 738 1324 versus
766 1264 882 1324 addidit
910 1265 1024 1325 abillo
1048 1266 1178 1325 omissos.

162 1362 198 1421 de
221 1381 330 1440 magno
349 1362 465 1438 damno,
489 1364 568 1438 quod
587 1363 719 1422 versibus
744 1364 858 1439 529sq.
881 1363 995 1422 factum
1018 1366 1076 1438 est,
1101 1363 1180 1420 infra

162 1460 320 1520 dicendum
348 1463 412 1521 erit.
462 1463 581 1539 praeter
607 1461 661 1520 hos
688 1479 789 1520 versus
819 1463 852 1520 in
878 1460 1057 1535 Achilleide,
1090 1479 1180 1536 quam
1292 1469 1294 1510 ἰ

163 1559 256 1618 solam
289 1560 429 1619 collatam
460 1559 564 1634 habeo,
596 1561 743 1618 corrector
774 1558 820 1618 bis
852 1559 984 1636 singulos
1017 1559 1180 1634 supplevit:

162 1656 260 1716 1338
284 1652 433 1734 <templa>
461 1674 514 1716 nec
541 1657 672 1716 instabili
700 1658 784 1728 foma
813 1650 1035 1735 supel<rabere>
1066 1656 1182 1716 deieci

162 1755 255 1814 1128
283 1756 444 1814 Paruimus
465 1754 590 1812 nimium
613 1753 688 1812 belia
710 1755 750 1812 oei
773 1747 946 1834 l<roicnc>l
966 1745 1183 1834 r<atesque>1)‚

165 1853 217 1929 qui
244 1871 345 1912 versus
373 1851 515 1911 facillime
542 1853 642 1926 potuit
669 1851 814 1910 transiliri
845 1855 967 1928 propter
994 1852 1090 1911 simile
1119 1853 1183 1910 eius

165 1954 195 2010 et
214 1949 414 2010 antecedentis
432 1950 620 2026 principium.
659 1949 718 2008 alio
742 1951 842 2008 autem
865 1949 973 2024 codice,
996 1969 1055 2008 non
1079 1950 1183 2009 eodem

164 2069 223 2126 quo
252 2042 290 2108 0¹
321 2067 407 2108 usum
440 2066 501 2108 esse
534 2049 736 2123 correctorem,
759 2048 808 2106 vel
840 2047 909 2106 inde
938 2047 1074 2123 efficitur,
1101 2048 1183 2123 quod

163 2165 265 2208 versus
284 2148 352 2206 illos
371 2165 390 2204 a
408 2145 530 2205 librario
550 2147 672 2205 omissos
691 2145 706 2203 I
722 2146 898 2205 sas—660
917 2145 1074 2221 supplevit.
1107 2163 1183 2221 quos

164 2247 197 2304 in
225 2244 387 2319 exemplari
414 2263 473 2303 non
500 2244 591 2302 fuisse
619 2245 733 2302 certum
761 2245 813 2303 est.
859 2242 964 2302 deinde
990 2262 1056 2302 cum
1078 2242 1183 2303 multis

163 2343 237 2402 locis
251 2340 380 2421 genuina
396 2342 581 2400 revocaverit
599 2343 630 2398 et
647 2340 797 2401 nonnullis
816 2341 897 2416 locis,
915 2341 969 2400 ubi
986 2340 1183 2417 interpolatas

163 2442 305 2500 lectiones
327 2439 467 2498 librarius
489 2438 699 2513 inculcaverat,
722 2457 781 2497 non
800 2456 852 2498 suo
871 2439 967 2498 Marte
988 2442 1183 2498 correctorem

165 2541 260 2618 egisse
280 2539 402 2613 eluceat,
421 2537 500 2596 idem
518 2535 735 2612 comprobatur.
768 2537 811 2595 nil
826 2555 904 2596 nunc
917 2536 982 2596 dico
1002 2536 1037 2596 de
1056 2537 1182 2615 singulis

164 2635 306 2711 versibus,
325 2653 398 2711 quos
417 2639 564 2698 corrector
582 2633 706 2710 addidit,
725 2634 777 2695 sed
799 2634 877 2693 unde
900 2638 1028 2693 sumeret
1050 2636 1180 2714 genuina

164 2735 223 2796 nisi
246 2754 282 2793 ex
305 2734 403 2794 codice
427 2735 527 2810 aliquo
550 2734 596 2793 his
619 2733 706 2792 locist

231 2832 329 2891 1413
354 2831 431 2892 Aere
452 2835 559 2892 souoot
581 2834 682 2902 temese
705 2824 756 2891 0¹:
784 2829 866 2890 Aera
893 2832 992 2891 dorstet
1020 2833 1120 2889 temese
1143 2822 1182 2889 0²

231 2929 330 2987 1434
353 2931 500 2988 turnemio
524 2921 575 2988 0¹:
598 2930 721 2989 domitio
746 2921 820 3010 0²²)

231 3026 322 3086 1113
347 3025 506 3100 Aequorcis
530 3020 581 3086 0¹:
605 3027 656 3086 ubi
679 3022 749 3086 -rib'
773 3029 968 3103 supracripsit
991 3017 1065 3107 0²³)

231 3124 323 3182 1165
352 3126 444 3197 captis
470 3124 553 3183 itiam
579 3128 648 3183 tunc
674 3126 784 3184 decedit
805 3127 887 3199 orgis
910 3119 961 3185 0¹:
985 3125 1119 3198 ieeptos
1141 3125 1183 3183 cd

159 3239 304 3298 pergamo
327 3223 437 3281 devehit
458 3240 544 3296 arpos
567 3214 606 3287 0²

167 3365 170 3370 ‘
237 3359 263 3427 1)
294 3373 366 3426 quac
395 3357 475 3411 uncie
505 3355 602 3411 fractis
634 3355 818 3423 circumdedi,
847 3374 911 3411 cum
938 3356 1065 3426 margine
1091 3356 1182 3410 recisa

153 3438 315 3506 -periemnt

237 3520 264 3586 2)
283 3517 318 3572 ci.
337 3517 412 3571 infra
429 3536 456 3587 p.
471 3516 593 3570 XXXIII·

238 3600 264 3666 3)
284 3597 382 3651 debuit
401 3613 467 3652 eane
487 3599 579 3666 ·rib’q,
