2598 3880
158 183 202 246 42
524 183 553 236 Ρ.
573 182 696 236 PAPINI
715 182 819 236 STATI

113 364 141 402 Η
154 345 255 430 regali
278 345 414 428 strepitu
439 348 471 410 et
494 345 581 429 picto
606 344 819 408 discumbitur
841 366 929 428 auro,

154 473 227 514 cum
249 454 341 534 pater
363 452 410 516 ire
433 451 523 515 iubet
545 455 637 514 natas
661 451 858 534 comitesque
880 452 1013 535 pudicas

153 560 310 621 natarum.
357 558 504 639 subeunt,
527 559 637 640 quales
660 557 820 622 Maeotide
843 559 922 641 ripa,

113 683 140 722 ⁸⁵
154 685 227 728 cum
252 662 419 748 Scythicas
441 686 575 748 rapuere
598 664 711 728 domos
735 667 768 728 et
791 668 886 748 capta
910 662 1060 729 Getarum

153 771 287 854 moenia,
311 771 459 855 sepositis
483 772 654 854 epulantur
676 768 856 835 Amazones
880 771 984 836 armis.
1134 797 1177 838 roo

152 881 222 940 tum
245 898 320 941 vero
344 878 488 941 intentus
511 878 619 941 vultus
643 898 681 942 ac
703 881 834 960 pectora
856 875 968 942 Ulixes

152 983 413 1067 perlibratum,
437 982 492 1047 sed
515 1005 580 1047 uox
603 984 766 1067 inlataque
788 983 906 1047 fallunt

101 1151 103 1154 ,
151 1089 274 1153 lumina
297 1093 329 1152 et
352 1090 513 1172 extemplo
536 1089 632 1154 latuit
655 1111 805 1154 mensura
827 1089 996 1154 iacentum.
1026 1147 1035 1162 ,

112 1218 139 1257 oo
153 1198 185 1259 at
207 1199 316 1259 tamen
338 1200 543 1278 erectumque
566 1216 663 1280 genas
688 1195 853 1278 oculisque
876 1199 1046 1280 vagantem

151 1302 303 1384 nullaque
322 1301 459 1387 virginei
482 1306 661 1366 servantem
685 1302 778 1387 signa
800 1301 933 1385 pudoris

152 1406 264 1494 defigit
289 1409 462 1491 comitique
486 1409 617 1491 obliquo
641 1407 762 1472 lumine
785 1412 951 1472 monstrat.
1027 1485 1029 1490 Ι

152 1514 251 1597 quid?
273 1515 337 1578 nisi
360 1515 569 1598 praecipitem
592 1514 710 1578 blando
735 1515 902 1597 complexa
924 1518 1069 1579 moneret

151 1619 319 1684 Deidamia
342 1621 414 1684 sinu
437 1622 619 1704 nudataque
642 1625 788 1704 tempora
811 1642 937 1704 semper

111 1751 137 1789 ss
151 1730 355 1809 exsertasque
377 1749 491 1791 manus
514 1749 706 1810 umerosque
729 1726 764 1790 in
786 1731 875 1791 veste
897 1731 1020 1791 teneret

150 1837 183 1896 et
205 1832 333 1916 prodire
355 1833 435 1897 toris
459 1837 491 1896 et
514 1855 646 1917 poscere
669 1833 744 1896 vina
766 1837 888 1897 vetaret
1129 1861 1170 1901 rso

150 1939 277 2022 saepius
300 1943 333 2003 et
354 1938 454 2003 fronti
478 1940 596 2004 crinale
619 1943 788 2022 reponeret
811 1939 944 2003 aurum?
1128 1966 1168 2007 an

238 2050 275 2110 ut
297 2047 424 2129 placata
445 2047 546 2110 fames
570 2047 673 2129 epulis
696 2046 746 2110 bis
770 2049 881 2128 terque
904 2045 1051 2129 repostis,
1129 2072 1169 2112 ue

96 2174 135 2214 1oo
148 2174 205 2216 rex
228 2153 316 2235 prior
339 2153 522 2237 adloquitur
544 2153 728 2236 paterisque
751 2152 898 2216 hortatur
920 2150 1077 2217 Achivos:

109 2369 135 2408 98
148 2363 288 2434 Argolicis
308 2363 426 2416 ducibus
444 2362 503 2415 iam
521 2363 589 2415 tunc
606 2360 747 2430 patuisset
764 2360 898 2416 Achilles.
1127 2377 1167 2417 aas

219 2559 369 2627 Exemplo:
394 2562 445 2610 764
464 2556 498 2622 cf.
519 2555 605 2610 Theb.
624 2555 650 2608 11
669 2561 719 2609 506
743 2563 768 2610 et
785 2552 812 2609 V
830 2561 864 2610 96
884 2557 977 2610 erecta
996 2571 1090 2626 genas.

150 2635 199 2684 771
219 2630 305 2683 Vens.
324 2630 393 2711 ipen.
413 2628 451 2681 XI
466 2633 517 2682 676
535 2645 586 2697 pro
606 2627 706 2681 crinali
725 2643 801 2681 auro.

220 2813 271 2860 766
300 2806 378 2872 aulro
406 2807 466 2875 (dcl.
486 2805 529 2874 1²¹)
553 2809 585 2858 P:
614 2806 689 2858 ostro
718 2821 746 2858 ω
855 2809 905 2857 767
935 2803 1007 2858 Tum
1033 2803 1092 2864 0²0

149 2883 200 2932 768
219 2877 360 2932 maeotide
382 2877 482 2935 210¹:
510 2875 666 2929 mareotide
690 2874 736 2934 αἰ
764 2875 918 2929 mareotica
941 2882 959 2928 c
1029 2875 1165 2944 ripamc

220 2950 270 3002 769
294 2948 404 3002 Dumc
521 2952 572 3000 760
595 2946 726 3015 sepositis
745 2946 892 3002 Schrader:
921 2946 1074 3016 suppositis
1101 2951 1164 3012 Po»,

146 3018 221 3088 quod
237 3019 353 3085 foetosa
371 3025 461 3072 tamea
478 3019 591 3072 reticeri
604 3019 698 3086 potuit
787 3022 837 3070 761
858 3016 936 3071 Tunc
955 3025 973 3070 6
1039 3017 1164 3070 intentos

146 3131 179 3179 ει
199 3105 324 3178 incensis
343 3129 364 3182 e
471 3129 522 3177 aaa
540 3124 681 3178 Perlibrat
699 3128 731 3176 r:
755 3122 881 3177 Peraeae
899 3128 954 3183 oe:
973 3123 1122 3196 neruos}
1140 3130 1165 3176 r

219 3201 269 3250 763
290 3194 457 3263 extimploc
511 3196 654 3249 iacentum
667 3200 700 3248 P:
719 3193 837 3248 iacentis
852 3212 880 3249 ω
960 3200 1011 3248 766
1029 3191 1164 3264 pudoreis

145 3274 166 3320 Ρ
245 3272 294 3321 767
316 3265 389 3331 Quid
402 3272 435 3319 1²:
456 3265 536 3331 Quod
550 3271 593 3325 αθ
613 3267 656 3334 (cle
669 3271 762 3320 Kooa
779 3267 873 3335 liquet)
935 3267 1045 3320 teneret
1063 3268 1086 3335 (7
1103 3282 1164 3320 mo-

146 3341 225 3393 neret
247 3355 311 3394 sscr.
331 3337 408 3406 c¹)o
515 3342 565 3390 768
585 3335 763 3391 Deidimiac
835 3335 899 3390 sinu
917 3342 982 3392 Poe:
1010 3336 1100 3390 virum
1129 3335 1165 3396 α’

216 3413 345 3479 tempora
363 3414 395 3462 1’:
420 3409 535 3477 pectora
553 3427 594 3475 ως
620 3414 650 3463 ot
668 3409 807 3475 decapite
825 3409 948 3464 obvoluto
967 3410 1028 3464 licet
1044 3409 1165 3480 copitare

218 3486 269 3534 770
288 3481 447 3548 reposceret
465 3485 482 3532 6
587 3485 636 3533 771
658 3481 816 3546 reposceret
835 3486 852 3531 6
956 3485 1007 3534 772
1029 3496 1080 3536 om.
1099 3485 1163 3547 Por,

147 3551 211 3605 add.
233 3550 345 3610 &1²0²
363 3552 394 3604 ia
413 3566 498 3621 morp.
518 3547 630 3604 ceolam
647 3551 729 3604 iussit
747 3550 941 3604 Kohlmauaus
1045 3583 1047 3588 ·
