2598 3880
164 237 208 301 46
529 240 559 293 Ρ.
579 240 702 293 PAPINI
721 239 825 294 STATI

122 421 223 463 nnec
246 421 370 464 servare
393 401 480 466 vices
502 423 562 466 nec
585 402 735 466 bracchia
756 402 889 487 iungere
913 406 1016 486 curat3

162 510 240 570 tunc
262 507 376 572 molles
399 529 536 593 gressus,
559 514 637 573 tunc
660 512 848 592 aspernatur
870 509 1007 574 amictus

161 613 234 695 plus
259 614 353 677 solito
377 615 561 699 rumpitque
585 616 699 679 choros
724 619 756 679 et
779 616 919 698 plurima
940 616 1057 680 turbat.

109 747 147 784 na
162 719 208 783 sic
231 719 452 805 indignantem
475 722 604 805 thyrsos
628 726 821 804 acceptaque
846 723 957 786 matris

161 829 314 909 tympana
337 827 401 890 iam
424 828 532 892 tristes
555 828 744 912 spectabant
766 827 911 891 Penthea
932 825 1070 892 Thebae.
1141 857 1186 895 aro

206 933 373 996 solvuntur
395 933 524 998 laudata
547 934 662 998 cohors
685 937 898 1017 repetuntque
920 940 1054 1016 paterna

159 1038 280 1120 limina,
303 1038 359 1102 ubi
383 1040 417 1102 in
439 1040 562 1104 mediae
584 1039 770 1104 iamdudum
794 1039 923 1104 sedibus
949 1039 1039 1104 aulae

160 1166 293 1208 munera
316 1145 477 1230 virgineos
499 1147 587 1210 visus
611 1151 752 1210 tractura
774 1148 896 1210 locarat

108 1277 147 1316 170
161 1250 307 1335 Tydides,
332 1252 459 1336 signum
482 1251 616 1335 hospitii
638 1254 842 1336 pretiumque
864 1252 996 1316 laboris:

159 1358 369 1441 hortaturque
391 1359 511 1444 legant,
533 1381 593 1424 nec
615 1382 671 1423 rex
694 1359 929 1442 placidissimus
954 1362 1046 1423 arcet.
1138 1385 1183 1426 aas

159 1465 222 1528 heu
246 1465 383 1548 simplex
404 1466 604 1548 nimiumque
626 1466 723 1550 rudis,
747 1466 803 1548 qui
826 1465 941 1529 callida
964 1466 1047 1529 dona

160 1568 392 1654 Graiorumque
416 1572 507 1635 dolos
530 1573 718 1654 variumque
741 1573 868 1657 ignoret
889 1569 1032 1635 Ulixeml

158 1677 211 1741 hie
235 1678 324 1761 aliae,
348 1699 412 1759 qua
435 1699 528 1742 sexus
552 1679 637 1742 iners
659 1682 837 1760 naturaque
861 1677 957 1756 ducit,

105 1807 143 1846 175
158 1787 214 1846 aut
236 1788 353 1848 teretes
377 1784 506 1867 thyrsos
530 1789 585 1848 aut
607 1785 834 1867 respondentia
855 1787 1016 1867 temptant

157 1893 319 1973 tympana,
343 1889 512 1976 gemmatis
536 1893 591 1953 aut
613 1894 747 1954 nectunt
769 1891 916 1973 tempora
937 1891 1059 1955 limbis:
1136 1917 1180 1957 sao

157 2018 245 2060 arma
267 1995 377 2060 vident
399 2017 580 2081 magnoque
602 2000 719 2080 putant
740 1996 858 2060 donata
880 1997 1013 2079 parenti.

157 2107 190 2166 at
211 2103 298 2167 ferus
321 2100 487 2185 Aeacides,
509 2103 686 2167 radiantem
710 2106 747 2166 ut
770 2103 949 2168 comminus
973 2103 1093 2187 orbem,

157 2210 314 2274 caelatum
337 2231 462 2294 pugnas
484 2243 529 2254 -
552 2209 655 2273 saevis
679 2213 711 2273 et
732 2208 816 2274 forte
838 2208 974 2273 rubebat

104 2338 142 2377 rao
156 2315 314 2379 bellorum
336 2315 471 2378 maculis
494 2351 538 2362 -
561 2315 719 2380 adclinem
743 2315 903 2398 conspicit
925 2316 1049 2399 hastae,

156 2420 322 2484 infremuit
344 2420 502 2502 torsitque
525 2441 632 2505 genas,
655 2425 688 2485 et
710 2421 816 2486 fronte
838 2422 951 2486 relicta
1133 2447 1174 2488 aaa

155 2549 318 2591 surrexere
342 2548 466 2609 comae3
488 2548 647 2610 nusquam
670 2528 820 2592 mandata
843 2528 994 2612 parentis,

154 2655 312 2716 nusquam
337 2634 483 2698 occultus
506 2656 604 2717 arnor,
627 2637 761 2716 totoque
784 2635 818 2697 in
841 2639 971 2718 pectore
995 2633 1091 2698 Troia
1114 2640 1172 2699 est.

154 2747 191 2806 ut
212 2743 272 2824 leo,
296 2743 440 2804 materno
465 2762 538 2805 cum
560 2744 672 2824 raptus
696 2741 735 2805 ab
759 2740 856 2805 ubere
879 2762 984 2805 mores

225 2899 375 2966 Exempto:
403 2901 454 2950 858
463 2913 500 2964 sq.
520 2896 554 2963 cf.
575 2897 675 2950 Lucas.
689 2897 728 2950 IV
742 2902 793 2950 237
803 2914 840 2965 sq.

225 3044 277 3092 840
295 3038 492 3107 penthebael’
578 3043 630 3091 842
648 3038 708 3108 {ibi
727 3039 794 3107 (suit
810 3041 852 3108 u-)
871 3043 893 3097 8
982 3043 1034 3091 848
1053 3037 1172 3093 Munera

153 3164 194 3201 cu:
215 3144 377 3198 Numera?
460 3109 569 3208 localat
592 3146 670 3212 (corr.
690 3144 776 3213 0¹)st
900 3149 952 3225 844
975 3143 1055 3197 labor
1073 3148 1093 3195 P
1111 3146 1172 3198 siae

152 3235 206 3272 rac.
309 3215 546 3284 846qui1’1e1:
573 3215 635 3283 quis
659 3215 716 3274 tt’c
813 3219 863 3268 847
887 3230 1052 3283 variumque
1075 3215 1171 3282 (notri-

151 3326 279 3393 τροπον)ι
294 3322 460 3391 vafrumque
469 3323 605 3377 Heinsius
658 3321 770 3390 ignoret
783 3326 865 3380 Pac:
880 3321 993 3390 ignorat
1006 3328 1042 3374 K:
1056 3301 1171 3390 ignordt

152 3403 173 3448 Ε
264 3399 316 3449 848
340 3393 426 3448 Siec
498 3409 554 3461 qua
571 3398 603 3447 l’:
630 3409 700 3461 quas
719 3411 747 3447 ω
819 3392 893 3446 iners
916 3410 957 3446 ωε
985 3393 1097 3446 inest?

152 3471 204 3520 849
227 3468 330 3520 teretes
354 3467 471 3535 (veteres
494 3467 522 3532 (t)
639 3469 691 3517 850
714 3464 837 3532 timpora
860 3470 878 3515 0
991 3469 1041 3517 851
1065 3464 1170 3532 putant

152 3539 187 3605 (-t
205 3554 264 3592 av.
283 3537 327 3606 l’¹)
404 3541 456 3589 858
474 3534 614 3587 rubebant
632 3541 656 3586 Κ
733 3540 785 3588 855
804 3534 938 3587 frondeo
1017 3539 1068 3587 856
1086 3533 1170 3606 {us-

153 3613 273 3675 quamc
382 3612 432 3660 857
452 3606 641 3678 Ξυεφιειιῃσ
