2598 3880
482 243 721 302 Acfflnnnlnos
740 244 769 298 L.
788 244 809 300 I.

134 406 263 472 Euhius
287 412 320 472 et
341 407 446 492 patrio
471 407 601 472 satiavit
622 410 754 489 pectora
775 407 865 490 luxu,

135 517 220 578 serta
244 514 345 579 comis
369 515 561 596 mitramque
583 515 670 577 levat
692 512 904 596 thyrsumque
926 512 1083 579 virentem

135 624 239 684 armat
261 624 294 685 et
316 620 450 684 hostiles
474 621 585 684 invisit
607 620 723 684 fortior
745 617 851 683 Indos.

225 727 399 792 scandebat
420 747 513 790 roseo
537 725 634 790 medii
657 725 787 811 fastigia
810 725 891 790 caeli

132 831 334 917 hamingo,
357 833 435 897 totis
458 831 515 895 ubi
539 853 671 896 somnus
694 831 827 895 inertior
850 831 964 896 alis
992 857 995 863 ·
1114 859 1153 898 cao

133 937 247 1002 defluit
269 939 303 1001 in
326 943 427 1003 terras
451 941 641 1020 mutumque
664 937 871 1020 amplectitur
896 937 1019 1002 orbem:

134 1044 305 1109 consedere
329 1045 420 1109 chori
442 1046 639 1127 paulumque
663 1043 803 1107 exercita
825 1044 922 1127 pulsu

132 1171 206 1214 aera
228 1154 345 1235 tacent,
367 1154 478 1214 tenero
503 1170 575 1215 cum
600 1151 688 1214 solus
712 1149 751 1212 ab
776 1149 904 1236 agmine
926 1147 1071 1214 Achilles

131 1256 212 1321 haec
235 1278 357 1322 seeum:
381 1256 534 1339 ‘quonam
557 1255 688 1319 timidae
713 1259 895 1320 commenta
916 1257 1058 1339 parentis

133 1384 235 1445 usque
257 1363 363 1427 feres?
387 1363 591 1445 primumque
614 1361 738 1425 imbelli
762 1382 886 1425 carcere
909 1360 1022 1444 perdes
1112 1388 1151 1428 aas
1253 1403 1257 1407 -

131 1468 244 1532 florem
267 1467 388 1532 animi?
405 1490 482 1532 non
504 1468 569 1532 tela
591 1467 668 1531 licet
690 1466 849 1531 Mavortia
872 1467 992 1551 dextra,

130 1595 197 1638 non
219 1573 360 1657 trepidas
384 1574 505 1659 agitare
528 1574 621 1637 ferae.
659 1573 715 1636 uhi
739 1594 870 1656 campus
895 1577 928 1638 et
950 1594 1060 1638 amnes

131 1679 325 1744 Haemonii?
349 1680 516 1763 quaerisne
539 1701 638 1764 meos,
663 1677 824 1763 Sperchio,
847 1683 975 1744 natatus

130 1787 367 1870 promissasque
391 1786 520 1851 comas?
544 1808 585 1850 an
608 1785 778 1850 desertoris
802 1786 924 1850 alumni

130 1894 238 1956 nullus
256 1892 383 1957 honos?
408 1890 601 1977 Stygiasque
620 1895 734 1976 procul
752 1892 816 1956 iam
834 1896 946 1976 raptus
961 1893 1001 1956 ad
1019 1893 1148 1958 umbras

133 1999 230 2082 dicor,
253 2003 286 2063 et
308 1998 440 2063 orbatus
464 1999 590 2083 plangit
613 2020 684 2062 mea
707 1999 820 2062 funera
843 1995 984 2063 Chiron?
1110 2025 1148 2064 aar

128 2109 165 2169 tu
187 2127 275 2169 nune
298 2105 363 2169 tela
386 2126 492 2188 manu,
515 2108 643 2168 nostroe
666 2108 703 2168 tu
726 2104 837 2189 dirigis
861 2124 952 2169 arcus

129 2211 334 2294 nutritosque
357 2210 438 2274 mihi
461 2211 596 2294 scandis,
618 2209 775 2294 Patrocle,
798 2210 934 2296 iugales:

129 2321 179 2382 ast
202 2339 262 2402 ego
286 2317 466 2401 pampineis
490 2316 666 2380 diffundere
689 2316 820 2380 brachia
847 2316 967 2400 thyrsis

127 2427 309 2487 attenuare
329 2424 419 2488 colus
436 2460 481 2468 -
500 2423 600 2506 pudet
617 2423 698 2488 haec
716 2422 887 2506 taedetque
904 2423 1011 2488 fateri!
1033 2461 1070 2469 -
1108 2449 1148 2490 aas

126 2530 191 2593 iam
215 2529 290 2593 scio.
338 2529 417 2612 quin
440 2529 537 2593 etiam
560 2530 696 2593 dilectae
719 2529 853 2614 virginis
876 2529 984 2613 ignom

126 2636 384 2717 aequaevamque
408 2635 512 2699 facem
536 2639 648 2719 captus
671 2639 847 2718 noctesque
870 2635 1001 2717 diesque

194 2862 344 2931 Eccmplc:
360 2866 411 2915 630
424 2860 483 2915 silv.
494 2860 533 2914 111
543 2865 567 2929 6,
576 2865 610 2915 37
625 2860 737 2932 Stygias
752 2876 839 2931 prope
852 2863 950 2930 raptus
965 2861 1002 2914 ad
1022 2863 1144 2918 umbras.

196 3078 247 3128 618
266 3073 364 3128 invisit
377 3078 430 3137 Pq:
450 3071 555 3128 invasit
573 3090 587 3126 c
606 3073 649 3140 (de
665 3076 684 3124 k
702 3073 800 3127 iterum
818 3073 887 3128 mihi
904 3089 961 3129 coa
980 3074 1072 3145 liquet)

124 3150 175 3199 619
189 3161 281 3200 roseo:
297 3145 378 3199 niveo
393 3145 523 3200 Montius
548 3183 555 3200 .
578 3143 650 3197 caeli
663 3144 775 3207 qu0³2
790 3143 918 3213 templic
993 3151 1044 3199 622
1058 3146 1143 3215 pulsu

124 3233 465 3322 ch¹inmp=eiisuP¹=
552 3255 603 3304 623
621 3250 728 3304 Aere?
795 3249 1143 3320 agminel’kc:iguineq

196 3323 347 3376 achillis?
437 3326 488 3375 626
507 3321 640 3391 perdis?
730 3325 780 3374 627
801 3321 910 3391 agItare
927 3325 977 3374 ko:
997 3321 1090 3391 agitat
1108 3325 1143 3390 (-t

0 3455 1 3468 χ
121 3395 211 3462 possit
228 3394 345 3460 fortasse
361 3410 388 3445 -r
406 3395 470 3461 esec)
489 3410 518 3457 q:
538 3392 674 3463 sagittare
689 3396 711 3443 1³
791 3397 842 3445 628
861 3407 1014 3459 quaeresne
1032 3398 1072 3446 Po

125 3471 177 3518 631
197 3465 293 3519 Duocr
312 3483 326 3518 a
421 3469 471 3516 662
490 3479 576 3517 manu
595 3481 635 3517 m:
656 3463 832 3532 gradumanu
850 3465 893 3531 (ul
909 3479 973 3517 sacr.
992 3465 1033 3532 pr)
1051 3468 1072 3515 P

0 3531 1 3616 l
122 3538 154 3589 tu
174 3538 317 3590 nostrose
435 3539 486 3588 666
506 3534 576 3588 haec
594 3534 640 3588 1²¹:
668 3533 723 3587 heu
741 3539 805 3588 Pro
893 3533 1046 3601 taedetque
1065 3536 1142 3605 (que

0 3621 1 3638 ¹
122 3607 187 3662 add.
207 3608 248 3675 1³¹)
355 3611 405 3659 637
424 3606 671 3672 Aequaevamque:
691 3619 905 3672 aequaevosque
923 3604 1058 3660 Schrader

946 3692 980 3745 3*
