<?xml version="1.0" encoding="UTF-8"?>
<!DOCTYPE html PUBLIC "-//W3C//DTD XHTML 1.0 Transitional//EN"
    "http://www.w3.org/TR/xhtml1/DTD/xhtml1-transitional.dtd">
<html xmlns="http://www.w3.org/1999/xhtml" xml:lang="en" lang="en">
 <head>
  <title>
</title>
<meta http-equiv="Content-Type" content="text/html;charset=utf-8" />
  <meta name='ocr-system' content='tesseract 3.04.00' />
  <meta name='ocr-capabilities' content='ocr_page ocr_carea ocr_par ocr_line ocrx_word'/>
</head>
<body>
  <div class='ocr_page' id='page_1' title='image "./opera04statgoog_0039.png"; bbox 0 0 2598 3880; ppageno 0'>
   <div class='ocr_carea' id='block_1_1' title="bbox 493 239 1145 309">
    <p class='ocr_par' dir='ltr' id='par_1_1' title="bbox 493 239 1145 309">
     <span class='ocr_line' id='line_1_1' title="bbox 493 239 1145 309; baseline 0.005 -17"><span class='ocrx_word' id='word_1_1' title='bbox 493 239 616 294; x_wconf 77' lang='lat' dir='ltr'>Editcris</span> <span class='ocrx_word' id='word_1_2' title='bbox 634 239 781 309; x_wconf 84' lang='lat' dir='ltr'>praefatio.</span> <span class='ocrx_word' id='word_1_3' title='bbox 1043 241 1145 295; x_wconf 85' lang='lat' dir='ltr'><strong>XXXV</strong></span> 
     </span>
    </p>
   </div>
   <div class='ocr_carea' id='block_1_2' title="bbox 126 407 1144 779">
    <p class='ocr_par' dir='ltr' id='par_1_2' title="bbox 126 407 1144 779">
     <span class='ocr_line' id='line_1_2' title="bbox 126 407 1144 487; baseline -0.003 -17"><span class='ocrx_word' id='word_1_4' title='bbox 126 411 309 486; x_wconf 85' lang='lat' dir='ltr'>polationes,</span> <span class='ocrx_word' id='word_1_5' title='bbox 341 407 377 469; x_wconf 89' lang='lat' dir='ltr'>de</span> <span class='ocrx_word' id='word_1_6' title='bbox 405 427 534 484; x_wconf 92' lang='lat' dir='ltr'>quarum</span> <span class='ocrx_word' id='word_1_7' title='bbox 561 407 717 485; x_wconf 90' lang='lat' dir='ltr'>generibus</span> <span class='ocrx_word' id='word_1_8' title='bbox 744 427 823 468; x_wconf 92' lang='lat' dir='ltr'>nunc</span> <span class='ocrx_word' id='word_1_9' title='bbox 849 409 943 468; x_wconf 86' lang='lat' dir='ltr'>fusius</span> <span class='ocrx_word' id='word_1_10' title='bbox 971 428 1058 487; x_wconf 88' lang='lat' dir='ltr'>agere</span> <span class='ocrx_word' id='word_1_11' title='bbox 1085 430 1144 469; x_wconf 89' lang='lat' dir='ltr'>non</span> 
     </span>
     <span class='ocr_line' id='line_1_3' title="bbox 127 506 1144 585; baseline 0 -19"><span class='ocrx_word' id='word_1_12' title='bbox 127 510 238 585; x_wconf 87' lang='lat' dir='ltr'>placet,</span> <span class='ocrx_word' id='word_1_13' title='bbox 268 527 367 567; x_wconf 88' lang='lat' dir='ltr'>omnes</span> <span class='ocrx_word' id='word_1_14' title='bbox 396 507 509 566; x_wconf 88' lang='lat' dir='ltr'>codices</span> <span class='ocrx_word' id='word_1_15' title='bbox 537 509 655 582; x_wconf 91' lang='lat' dir='ltr'>praeter</span> <span class='ocrx_word' id='word_1_16' title='bbox 676 506 875 582; x_wconf 84' lang='lat' dir='ltr'>Puteaneum‚</span> <span class='ocrx_word' id='word_1_17' title='bbox 906 509 957 582; x_wconf 90' lang='lat' dir='ltr'>qui</span> <span class='ocrx_word' id='word_1_18' title='bbox 984 525 1060 567; x_wconf 89' lang='lat' dir='ltr'>unus</span> <span class='ocrx_word' id='word_1_19' title='bbox 1089 507 1144 567; x_wconf 92' lang='lat' dir='ltr'>hoo</span> 
     </span>
     <span class='ocr_line' id='line_1_4' title="bbox 126 603 1144 683; baseline -0.001 -18"><span class='ocrx_word' id='word_1_20' title='bbox 126 625 233 683; x_wconf 86' lang='lat' dir='ltr'>genere</span> <span class='ocrx_word' id='word_1_21' title='bbox 261 605 459 681; x_wconf 74' lang='lat' dir='ltr'>corruptionis</span> <span class='ocrx_word' id='word_1_22' title='bbox 481 605 582 678; x_wconf 85' lang='lat' dir='ltr'>vacat,</span> <span class='ocrx_word' id='word_1_23' title='bbox 605 623 658 680; x_wconf 90' lang='lat' dir='ltr'>per</span> <span class='ocrx_word' id='word_1_24' title='bbox 681 623 711 664; x_wconf 88' lang='lat' dir='ltr'>se</span> <span class='ocrx_word' id='word_1_25' title='bbox 734 623 840 679; x_wconf 85' lang='lat' dir='ltr'>parum</span> <span class='ocrx_word' id='word_1_26' title='bbox 863 605 969 681; x_wconf 86' lang='lat' dir='ltr'>dignos</span> <span class='ocrx_word' id='word_1_27' title='bbox 991 603 1049 662; x_wconf 87' lang='lat' dir='ltr'>fide</span> <span class='ocrx_word' id='word_1_28' title='bbox 1072 623 1144 678; x_wconf 86' lang='lat' dir='ltr'>esse,</span> 
     </span>
     <span class='ocr_line' id='line_1_5' title="bbox 127 700 1142 779; baseline -0.002 -18"><span class='ocrx_word' id='word_1_29' title='bbox 127 704 305 779; x_wconf 79' lang='lat' dir='ltr'><strong>quicumque</strong></span> <span class='ocrx_word' id='word_1_30' title='bbox 324 721 387 761; x_wconf 92' lang='lat' dir='ltr'>rem</span> <span class='ocrx_word' id='word_1_31' title='bbox 406 704 542 761; x_wconf 82' lang='lat' dir='ltr'>accurrate</span> <span class='ocrx_word' id='word_1_32' title='bbox 561 703 743 778; x_wconf 81' lang='lat' dir='ltr'>perspexerit</span> <span class='ocrx_word' id='word_1_33' title='bbox 760 702 847 761; x_wconf 84' lang='lat' dir='ltr'>facile</span> <span class='ocrx_word' id='word_1_34' title='bbox 866 701 923 760; x_wconf 90' lang='lat' dir='ltr'>sibi</span> <span class='ocrx_word' id='word_1_35' title='bbox 946 700 1142 779; x_wconf 78' lang='lat' dir='ltr'>persuadebit.</span> 
     </span>
    </p>
   </div>
   <div class='ocr_carea' id='block_1_3' title="bbox 9 789 1145 879">
    <p class='ocr_par' dir='ltr' id='par_1_3' title="bbox 9 789 1145 879">
     <span class='ocr_line' id='line_1_6' title="bbox 9 789 1145 879; baseline -0.003 -20"><span class='ocrx_word' id='word_1_36' title='bbox 9 831 13 838; x_wconf 86' lang='grc'><em>·</em></span> <span class='ocrx_word' id='word_1_37' title='bbox 128 799 251 860; x_wconf 77' lang='lat' dir='ltr'>Carolus</span> <span class='ocrx_word' id='word_1_38' title='bbox 275 800 394 877; x_wconf 90' lang='lat' dir='ltr'>quidem</span> <span class='ocrx_word' id='word_1_39' title='bbox 416 789 558 879; x_wconf 75' lang='lat' dir='ltr'>Wone1)</span> <span class='ocrx_word' id='word_1_40' title='bbox 581 818 676 875; x_wconf 90' lang='lat' dir='ltr'>nuper</span> <span class='ocrx_word' id='word_1_41' title='bbox 698 801 823 874; x_wconf 88' lang='lat' dir='ltr'>monuit,</span> <span class='ocrx_word' id='word_1_42' title='bbox 845 818 882 857; x_wconf 94' lang='lat' dir='ltr'>ne</span> <span class='ocrx_word' id='word_1_43' title='bbox 907 799 1030 856; x_wconf 91' lang='lat' dir='ltr'>nimiam</span> <span class='ocrx_word' id='word_1_44' title='bbox 1056 798 1145 858; x_wconf 89' lang='lat' dir='ltr'>fidem</span> 
     </span>
    </p>
   </div>
   <div class='ocr_carea' id='block_1_4' title="bbox 127 895 1145 971">
    <p class='ocr_par' dir='ltr' id='par_1_4' title="bbox 127 895 1145 971">
     <span class='ocr_line' id='line_1_7' title="bbox 127 895 1145 971; baseline 0.001 -16"><span class='ocrx_word' id='word_1_45' title='bbox 127 898 301 957; x_wconf 83' lang='lat' dir='ltr'>haberemus</span> <span class='ocrx_word' id='word_1_46' title='bbox 320 897 479 957; x_wconf 86' lang='lat' dir='ltr'>Puteaneo.</span> <span class='ocrx_word' id='word_1_47' title='bbox 513 899 604 971; x_wconf 89' lang='lat' dir='ltr'>atque</span> <span class='ocrx_word' id='word_1_48' title='bbox 623 895 730 954; x_wconf 88' lang='lat' dir='ltr'>editori</span> <span class='ocrx_word' id='word_1_49' title='bbox 749 897 917 956; x_wconf 77' lang='lat' dir='ltr'>cautissime</span> <span class='ocrx_word' id='word_1_50' title='bbox 935 896 1145 971; x_wconf 83' lang='lat' dir='ltr'>inquirendum</span> 
     </span>
    </p>
   </div>
   <div class='ocr_carea' id='block_1_5' title="bbox 3 992 1239 1169">
    <p class='ocr_par' dir='ltr' id='par_1_5' title="bbox 3 992 1239 1169">
     <span class='ocr_line' id='line_1_8' title="bbox 3 992 1146 1071; baseline -0.002 -17"><span class='ocrx_word' id='word_1_51' title='bbox 3 1007 4 1010; x_wconf 75' lang='grc'>’</span> <span class='ocrx_word' id='word_1_52' title='bbox 126 1014 204 1070; x_wconf 83' lang='lat' dir='ltr'>csse,</span> <span class='ocrx_word' id='word_1_53' title='bbox 237 995 309 1070; x_wconf 90' lang='lat' dir='ltr'>quid</span> <span class='ocrx_word' id='word_1_54' title='bbox 340 998 405 1071; x_wconf 89' lang='lat' dir='ltr'>ipse</span> <span class='ocrx_word' id='word_1_55' title='bbox 428 994 572 1054; x_wconf 87' lang='lat' dir='ltr'>Puteanei</span> <span class='ocrx_word' id='word_1_56' title='bbox 598 992 737 1053; x_wconf 87' lang='lat' dir='ltr'>librarius</span> <span class='ocrx_word' id='word_1_57' title='bbox 765 994 952 1071; x_wconf 81' lang='lat' dir='ltr'>neglegentia</span> <span class='ocrx_word' id='word_1_58' title='bbox 979 997 1146 1070; x_wconf 82' lang='lat' dir='ltr'>peccaverit</span> 
     </span>
     <span class='ocr_line' id='line_1_9' title="bbox 122 1091 1239 1169; baseline -0.004 -15"><span class='ocrx_word' id='word_1_59' title='bbox 122 1094 257 1169; x_wconf 83' lang='lat' dir='ltr'>quidque</span> <span class='ocrx_word' id='word_1_60' title='bbox 276 1093 407 1153; x_wconf 88' lang='lat' dir='ltr'>stultitia</span> <span class='ocrx_word' id='word_1_61' title='bbox 424 1093 485 1166; x_wconf 89' lang='lat' dir='ltr'>ille,</span> <span class='ocrx_word' id='word_1_62' title='bbox 500 1093 552 1168; x_wconf 94' lang='lat' dir='ltr'>qui</span> <span class='ocrx_word' id='word_1_63' title='bbox 570 1094 639 1150; x_wconf 90' lang='lat' dir='ltr'>ante</span> <span class='ocrx_word' id='word_1_64' title='bbox 653 1111 721 1150; x_wconf 87' lang='lat' dir='ltr'>eum</span> <span class='ocrx_word' id='word_1_65' title='bbox 739 1111 755 1150; x_wconf 95' lang='lat' dir='ltr'>e</span> <span class='ocrx_word' id='word_1_66' title='bbox 773 1091 884 1149; x_wconf 90' lang='lat' dir='ltr'>Iuliani</span> <span class='ocrx_word' id='word_1_67' title='bbox 898 1092 998 1150; x_wconf 91' lang='lat' dir='ltr'>codice</span> <span class='ocrx_word' id='word_1_68' title='bbox 1015 1091 1144 1150; x_wconf 83' lang='lat' dir='ltr'>Statium</span> <span class='ocrx_word' id='word_1_69' title='bbox 1234 1108 1239 1119; x_wconf 90' lang='lat'><em>·</em></span> 
     </span>
    </p>
   </div>
   <div class='ocr_carea' id='block_1_6' title="bbox 79 1189 1145 2042">
    <p class='ocr_par' dir='ltr' id='par_1_6' title="bbox 79 1189 1145 2042">
     <span class='ocr_line' id='line_1_10' title="bbox 126 1189 1145 1268; baseline -0.001 -20"><span class='ocrx_word' id='word_1_70' title='bbox 126 1191 323 1266; x_wconf 81' lang='lat' dir='ltr'>transcripsit,</span> <span class='ocrx_word' id='word_1_71' title='bbox 349 1209 403 1268; x_wconf 89' lang='lat' dir='ltr'>ego</span> <span class='ocrx_word' id='word_1_72' title='bbox 426 1208 544 1265; x_wconf 86' lang='lat' dir='ltr'>quoque</span> <span class='ocrx_word' id='word_1_73' title='bbox 562 1207 672 1250; x_wconf 90' lang='lat' dir='ltr'>censeo.</span> <span class='ocrx_word' id='word_1_74' title='bbox 714 1191 816 1247; x_wconf 91' lang='lat' dir='ltr'>tamen</span> <span class='ocrx_word' id='word_1_75' title='bbox 839 1190 866 1248; x_wconf 90' lang='lat' dir='ltr'>si</span> <span class='ocrx_word' id='word_1_76' title='bbox 882 1190 956 1248; x_wconf 85' lang='lat' dir='ltr'>haec</span> <span class='ocrx_word' id='word_1_77' title='bbox 974 1189 1145 1265; x_wconf 84' lang='lat' dir='ltr'>dempseris,</span> 
     </span>
     <span class='ocr_line' id='line_1_11' title="bbox 128 1287 1144 1362; baseline -0.004 -15"><span class='ocrx_word' id='word_1_78' title='bbox 128 1306 214 1347; x_wconf 86' lang='lat' dir='ltr'>verus</span> <span class='ocrx_word' id='word_1_79' title='bbox 245 1289 306 1346; x_wconf 86' lang='lat' dir='ltr'>fere</span> <span class='ocrx_word' id='word_1_80' title='bbox 338 1288 448 1362; x_wconf 90' lang='lat' dir='ltr'>ubique</span> <span class='ocrx_word' id='word_1_81' title='bbox 479 1288 621 1345; x_wconf 89' lang='lat' dir='ltr'>lectiones</span> <span class='ocrx_word' id='word_1_82' title='bbox 654 1287 767 1346; x_wconf 88' lang='lat' dir='ltr'>elucere</span> <span class='ocrx_word' id='word_1_83' title='bbox 795 1287 870 1344; x_wconf 88' lang='lat' dir='ltr'>mihi</span> <span class='ocrx_word' id='word_1_84' title='bbox 896 1305 987 1360; x_wconf 88' lang='lat' dir='ltr'>quam</span> <span class='ocrx_word' id='word_1_85' title='bbox 1018 1288 1144 1344; x_wconf 85' lang='lat' dir='ltr'>maxime</span> 
     </span>
     <span class='ocr_line' id='line_1_12' title="bbox 79 1382 1145 1460; baseline -0.002 -17"><span class='ocrx_word' id='word_1_86' title='bbox 79 1415 81 1419; x_wconf 93' lang='lat'>·</span> <span class='ocrx_word' id='word_1_87' title='bbox 126 1403 301 1460; x_wconf 88' lang='lat' dir='ltr'>persuasum</span> <span class='ocrx_word' id='word_1_88' title='bbox 324 1386 377 1444; x_wconf 91' lang='lat' dir='ltr'>est.</span> <span class='ocrx_word' id='word_1_89' title='bbox 422 1401 518 1459; x_wconf 89' lang='lat' dir='ltr'>neque</span> <span class='ocrx_word' id='word_1_90' title='bbox 542 1385 620 1442; x_wconf 91' lang='lat' dir='ltr'>enim</span> <span class='ocrx_word' id='word_1_91' title='bbox 644 1385 746 1442; x_wconf 89' lang='lat' dir='ltr'>contra</span> <span class='ocrx_word' id='word_1_92' title='bbox 769 1382 913 1442; x_wconf 86' lang='lat' dir='ltr'>Puteanei</span> <span class='ocrx_word' id='word_1_93' title='bbox 935 1383 1145 1442; x_wconf 85' lang='lat' dir='ltr'>auctoritatem</span> 
     </span>
     <span class='ocr_line' id='line_1_13' title="bbox 127 1479 1145 1556; baseline 0 -18"><span class='ocrx_word' id='word_1_94' title='bbox 127 1481 290 1556; x_wconf 89' lang='lat' dir='ltr'>quidquam</span> <span class='ocrx_word' id='word_1_95' title='bbox 317 1481 444 1556; x_wconf 84' lang='lat' dir='ltr'>protulit</span> <span class='ocrx_word' id='word_1_96' title='bbox 470 1481 610 1539; x_wconf 85' lang='lat' dir='ltr'>Wotkius</span> <span class='ocrx_word' id='word_1_97' title='bbox 637 1499 733 1555; x_wconf 88' lang='lat' dir='ltr'>neque</span> <span class='ocrx_word' id='word_1_98' title='bbox 759 1480 890 1555; x_wconf 83' lang='lat' dir='ltr'>proferet</span> <span class='ocrx_word' id='word_1_99' title='bbox 917 1499 951 1538; x_wconf 84' lang='lat' dir='ltr'>ex</span> <span class='ocrx_word' id='word_1_100' title='bbox 979 1480 1022 1538; x_wconf 90' lang='lat' dir='ltr'>eis</span> <span class='ocrx_word' id='word_1_101' title='bbox 1051 1479 1145 1553; x_wconf 86' lang='lat' dir='ltr'>libris,</span> 
     </span>
     <span class='ocr_line' id='line_1_14' title="bbox 127 1577 1144 1654; baseline -0.001 -19"><span class='ocrx_word' id='word_1_102' title='bbox 127 1596 201 1652; x_wconf 90' lang='lat' dir='ltr'>quos</span> <span class='ocrx_word' id='word_1_103' title='bbox 224 1579 287 1654; x_wconf 90' lang='lat' dir='ltr'>ipse</span> <span class='ocrx_word' id='word_1_104' title='bbox 311 1577 349 1636; x_wconf 93' lang='lat' dir='ltr'>ad</span> <span class='ocrx_word' id='word_1_105' title='bbox 373 1579 506 1636; x_wconf 88' lang='lat' dir='ltr'>criticam</span> <span class='ocrx_word' id='word_1_106' title='bbox 526 1577 668 1636; x_wconf 83' lang='lat' dir='ltr'>adhibuit.</span> <span class='ocrx_word' id='word_1_107' title='bbox 706 1577 813 1636; x_wconf 82' lang='lat' dir='ltr'>eximia</span> <span class='ocrx_word' id='word_1_108' title='bbox 832 1578 932 1636; x_wconf 88' lang='lat' dir='ltr'>autem</span> <span class='ocrx_word' id='word_1_109' title='bbox 950 1577 1038 1636; x_wconf 86' lang='lat' dir='ltr'>leude</span> <span class='ocrx_word' id='word_1_110' title='bbox 1057 1596 1144 1652; x_wconf 90' lang='lat' dir='ltr'>quem</span> 
     </span>
     <span class='ocr_line' id='line_1_15' title="bbox 127 1673 1143 1754; baseline -0.001 -21"><span class='ocrx_word' id='word_1_111' title='bbox 127 1676 251 1754; x_wconf 89' lang='lat' dir='ltr'>dignum</span> <span class='ocrx_word' id='word_1_112' title='bbox 282 1693 345 1735; x_wconf 91' lang='lat' dir='ltr'>esse</span> <span class='ocrx_word' id='word_1_113' title='bbox 377 1675 528 1735; x_wconf 81' lang='lat' dir='ltr'>existimet</span> <span class='ocrx_word' id='word_1_114' title='bbox 560 1675 689 1734; x_wconf 85' lang='lat' dir='ltr'>codicem</span> <span class='ocrx_word' id='word_1_115' title='bbox 723 1673 945 1752; x_wconf 86' lang='lat' dir='ltr'>Sangallensem</span> <span class='ocrx_word' id='word_1_116' title='bbox 978 1676 1057 1749; x_wconf 81' lang='lat'>865,</span> <span class='ocrx_word' id='word_1_117' title='bbox 1089 1694 1143 1751; x_wconf 84' lang='lat' dir='ltr'>ego</span> 
     </span>
     <span class='ocr_line' id='line_1_16' title="bbox 125 1772 1144 1848; baseline 0 -18"><span class='ocrx_word' id='word_1_118' title='bbox 125 1790 163 1831; x_wconf 90' lang='lat' dir='ltr'>ne</span> <span class='ocrx_word' id='word_1_119' title='bbox 186 1773 271 1832; x_wconf 90' lang='lat' dir='ltr'>flocci</span> <span class='ocrx_word' id='word_1_120' title='bbox 297 1772 418 1848; x_wconf 91' lang='lat' dir='ltr'>quidem</span> <span class='ocrx_word' id='word_1_121' title='bbox 445 1774 537 1847; x_wconf 86' lang='lat' dir='ltr'>facio,</span> <span class='ocrx_word' id='word_1_122' title='bbox 569 1773 595 1832; x_wconf 92' lang='lat' dir='ltr'>si</span> <span class='ocrx_word' id='word_1_123' title='bbox 623 1772 743 1848; x_wconf 93' lang='lat' dir='ltr'>quidem</span> <span class='ocrx_word' id='word_1_124' title='bbox 771 1792 806 1832; x_wconf 90' lang='lat' dir='ltr'>ex</span> <span class='ocrx_word' id='word_1_125' title='bbox 833 1775 921 1832; x_wconf 92' lang='lat' dir='ltr'>unius</span> <span class='ocrx_word' id='word_1_126' title='bbox 948 1773 1018 1832; x_wconf 88' lang='lat' dir='ltr'>libri</span> <span class='ocrx_word' id='word_1_127' title='bbox 1046 1773 1144 1833; x_wconf 89' lang='lat' dir='ltr'>conla-</span> 
     </span>
     <span class='ocr_line' id='line_1_17' title="bbox 126 1870 1142 1947; baseline -0.002 -19"><span class='ocrx_word' id='word_1_128' title='bbox 126 1871 220 1945; x_wconf 84' lang='lat' dir='ltr'>tione,</span> <span class='ocrx_word' id='word_1_129' title='bbox 253 1889 343 1946; x_wconf 89' lang='lat' dir='ltr'>quam</span> <span class='ocrx_word' id='word_1_130' title='bbox 370 1871 420 1929; x_wconf 93' lang='lat' dir='ltr'>ille</span> <span class='ocrx_word' id='word_1_131' title='bbox 448 1870 561 1947; x_wconf 84' lang='lat' dir='ltr'>publici</span> <span class='ocrx_word' id='word_1_132' title='bbox 588 1871 662 1930; x_wconf 90' lang='lat' dir='ltr'>iuris</span> <span class='ocrx_word' id='word_1_133' title='bbox 689 1870 774 1944; x_wconf 87' lang='lat' dir='ltr'>fecit,</span> <span class='ocrx_word' id='word_1_134' title='bbox 801 1873 881 1929; x_wconf 85' lang='lat' dir='ltr'>certo</span> <span class='ocrx_word' id='word_1_135' title='bbox 906 1871 1038 1947; x_wconf 72' lang='lat' dir='ltr'>iudicare</span> <span class='ocrx_word' id='word_1_136' title='bbox 1065 1871 1142 1930; x_wconf 86' lang='lat' dir='ltr'>licet.</span> 
     </span>
     <span class='ocr_line' id='line_1_18' title="bbox 126 1968 1143 2042; baseline 0 -17"><span class='ocrx_word' id='word_1_137' title='bbox 126 1968 170 2032; x_wconf 92' lang='lat' dir='ltr'>nil</span> <span class='ocrx_word' id='word_1_138' title='bbox 206 1970 284 2026; x_wconf 92' lang='lat' dir='ltr'>enim</span> <span class='ocrx_word' id='word_1_139' title='bbox 320 1969 542 2028; x_wconf 84' lang='lat' dir='ltr'>demonstratur</span> <span class='ocrx_word' id='word_1_140' title='bbox 578 1968 641 2026; x_wconf 89' lang='lat' dir='ltr'>eius</span> <span class='ocrx_word' id='word_1_141' title='bbox 678 1968 855 2032; x_wconf 83' lang='lat' dir='ltr'>lectionibus</span> <span class='ocrx_word' id='word_1_142' title='bbox 887 1987 922 2026; x_wconf 85' lang='lat' dir='ltr'>ex</span> <span class='ocrx_word' id='word_1_143' title='bbox 953 1969 1040 2042; x_wconf 90' lang='lat' dir='ltr'>parte</span> <span class='ocrx_word' id='word_1_144' title='bbox 1077 1986 1143 2026; x_wconf 91' lang='lat' dir='ltr'>cum</span> 
     </span>
    </p>
   </div>
   <div class='ocr_carea' id='block_1_7' title="bbox 3 2059 1143 2140">
    <p class='ocr_par' dir='ltr' id='par_1_7' title="bbox 3 2059 1143 2140">
     <span class='ocr_line' id='line_1_19' title="bbox 3 2059 1143 2140; baseline 0 -18"><span class='ocrx_word' id='word_1_145' title='bbox 3 2059 5 2062; x_wconf 71' lang='grc'><strong>’</strong></span> <span class='ocrx_word' id='word_1_146' title='bbox 126 2065 277 2125; x_wconf 86' lang='lat' dir='ltr'>Puteaneo</span> <span class='ocrx_word' id='word_1_147' title='bbox 306 2065 571 2140; x_wconf 81' lang='lat' dir='ltr'>consentientibus,</span> <span class='ocrx_word' id='word_1_148' title='bbox 599 2065 657 2124; x_wconf 90' lang='lat' dir='ltr'>nisi</span> <span class='ocrx_word' id='word_1_149' title='bbox 685 2065 765 2140; x_wconf 90' lang='lat' dir='ltr'>quod</span> <span class='ocrx_word' id='word_1_150' title='bbox 794 2065 946 2124; x_wconf 84' lang='lat' dir='ltr'>verissime</span> <span class='ocrx_word' id='word_1_151' title='bbox 978 2067 1039 2122; x_wconf 90' lang='lat' dir='ltr'>iam</span> <span class='ocrx_word' id='word_1_152' title='bbox 1072 2062 1143 2123; x_wconf 88' lang='lat' dir='ltr'>Otto</span> 
     </span>
    </p>
   </div>
   <div class='ocr_carea' id='block_1_8' title="bbox 124 2154 1144 3116">
    <p class='ocr_par' dir='ltr' id='par_1_8' title="bbox 124 2154 1144 3116">
     <span class='ocr_line' id='line_1_20' title="bbox 125 2154 1144 2243; baseline 0 -23"><span class='ocrx_word' id='word_1_153' title='bbox 125 2154 267 2243; x_wconf 75' lang='lat' dir='ltr'>Miiller²)</span> <span class='ocrx_word' id='word_1_154' title='bbox 287 2163 486 2238; x_wconf 88' lang='lat' dir='ltr'>contenderat,</span> <span class='ocrx_word' id='word_1_155' title='bbox 506 2163 624 2222; x_wconf 87' lang='lat' dir='ltr'>sacculo</span> <span class='ocrx_word' id='word_1_156' title='bbox 642 2161 816 2220; x_wconf 91' lang='lat' dir='ltr'>duodecimo</span> <span class='ocrx_word' id='word_1_157' title='bbox 835 2179 851 2220; x_wconf 87' lang='lat' dir='ltr'>e</span> <span class='ocrx_word' id='word_1_158' title='bbox 869 2161 1042 2221; x_wconf 86' lang='lat' dir='ltr'>monasterii</span> <span class='ocrx_word' id='word_1_159' title='bbox 1062 2164 1144 2221; x_wconf 88' lang='lat' dir='ltr'>tene·</span> 
     </span>
     <span class='ocr_line' id='line_1_21' title="bbox 125 2259 1143 2335; baseline 0 -18"><span class='ocrx_word' id='word_1_160' title='bbox 125 2261 187 2320; x_wconf 90' lang='lat' dir='ltr'>bris</span> <span class='ocrx_word' id='word_1_161' title='bbox 207 2261 400 2335; x_wconf 86' lang='lat' dir='ltr'>protractum</span> <span class='ocrx_word' id='word_1_162' title='bbox 428 2278 490 2318; x_wconf 87' lang='lat' dir='ltr'>esse</span> <span class='ocrx_word' id='word_1_163' title='bbox 517 2259 709 2318; x_wconf 86' lang='lat' dir='ltr'>Puteaneum.</span> <span class='ocrx_word' id='word_1_164' title='bbox 753 2261 843 2318; x_wconf 79' lang='lat' dir='ltr'>&#39;cuius</span> <span class='ocrx_word' id='word_1_165' title='bbox 869 2261 914 2317; x_wconf 87' lang='lat' dir='ltr'>rei</span> <span class='ocrx_word' id='word_1_166' title='bbox 940 2261 1143 2319; x_wconf 83' lang='lat' dir='ltr'>testimonium</span> 
     </span>
     <span class='ocr_line' id='line_1_22' title="bbox 126 2356 1143 2433; baseline 0 -18"><span class='ocrx_word' id='word_1_167' title='bbox 126 2359 325 2416; x_wconf 88' lang='lat' dir='ltr'>certissimum</span> <span class='ocrx_word' id='word_1_168' title='bbox 351 2359 383 2415; x_wconf 93' lang='lat' dir='ltr'>in</span> <span class='ocrx_word' id='word_1_169' title='bbox 411 2357 477 2433; x_wconf 88' lang='lat' dir='ltr'>ipso</span> <span class='ocrx_word' id='word_1_170' title='bbox 501 2356 600 2416; x_wconf 90' lang='lat' dir='ltr'>codice</span> <span class='ocrx_word' id='word_1_171' title='bbox 624 2358 742 2417; x_wconf 80' lang='lat' dir='ltr'>exstant</span> <span class='ocrx_word' id='word_1_172' title='bbox 765 2357 973 2417; x_wconf 87' lang='lat' dir='ltr'>adnotationes</span> <span class='ocrx_word' id='word_1_173' title='bbox 997 2357 1143 2432; x_wconf 85' lang='lat' dir='ltr'>quaedam</span> 
     </span>
     <span class='ocr_line' id='line_1_23' title="bbox 126 2454 1144 2530; baseline 0.002 -19"><span class='ocrx_word' id='word_1_174' title='bbox 126 2455 182 2514; x_wconf 89' lang='lat' dir='ltr'>boc</span> <span class='ocrx_word' id='word_1_175' title='bbox 204 2455 265 2512; x_wconf 86' lang='lat' dir='ltr'>fere</span> <span class='ocrx_word' id='word_1_176' title='bbox 287 2457 421 2530; x_wconf 90' lang='lat' dir='ltr'>tempore</span> <span class='ocrx_word' id='word_1_177' title='bbox 444 2454 590 2530; x_wconf 83' lang='lat' dir='ltr'>adpictus,</span> <span class='ocrx_word' id='word_1_178' title='bbox 614 2455 721 2530; x_wconf 87' lang='lat' dir='ltr'>quibus</span> <span class='ocrx_word' id='word_1_179' title='bbox 741 2473 843 2514; x_wconf 86' lang='lat' dir='ltr'>versus</span> <span class='ocrx_word' id='word_1_180' title='bbox 867 2455 1010 2530; x_wconf 88' lang='lat' dir='ltr'>quosdam</span> <span class='ocrx_word' id='word_1_181' title='bbox 1037 2458 1089 2513; x_wconf 88' lang='lat' dir='ltr'>aut</span> <span class='ocrx_word' id='word_1_182' title='bbox 1112 2456 1144 2513; x_wconf 90' lang='lat' dir='ltr'>in</span> 
     </span>
     <span class='ocr_line' id='line_1_24' title="bbox 126 2551 1143 2630; baseline 0 -20"><span class='ocrx_word' id='word_1_183' title='bbox 126 2551 301 2630; x_wconf 82' lang='lat' dir='ltr'>vulgaribus</span> <span class='ocrx_word' id='word_1_184' title='bbox 323 2551 407 2610; x_wconf 89' lang='lat' dir='ltr'>libris</span> <span class='ocrx_word' id='word_1_185' title='bbox 430 2571 491 2610; x_wconf 90' lang='lat' dir='ltr'>non</span> <span class='ocrx_word' id='word_1_186' title='bbox 513 2552 584 2610; x_wconf 84' lang='lat' dir='ltr'>ferri</span> <span class='ocrx_word' id='word_1_187' title='bbox 608 2554 661 2610; x_wconf 88' lang='lat' dir='ltr'>aut</span> <span class='ocrx_word' id='word_1_188' title='bbox 684 2552 783 2611; x_wconf 86' lang='lat' dir='ltr'>deesse</span> <span class='ocrx_word' id='word_1_189' title='bbox 806 2553 838 2610; x_wconf 91' lang='lat' dir='ltr'>in</span> <span class='ocrx_word' id='word_1_190' title='bbox 856 2556 883 2610; x_wconf 87' lang='lat' dir='ltr'>P</span> <span class='ocrx_word' id='word_1_191' title='bbox 906 2552 1022 2610; x_wconf 91' lang='lat' dir='ltr'>dicitur.</span> <span class='ocrx_word' id='word_1_192' title='bbox 1065 2552 1143 2610; x_wconf 94' lang='lat' dir='ltr'>unde</span> 
     </span>
     <span class='ocr_line' id='line_1_25' title="bbox 126 2648 1141 2725; baseline -0.001 -18"><span class='ocrx_word' id='word_1_193' title='bbox 126 2651 253 2724; x_wconf 85' lang='lat' dir='ltr'>apparet</span> <span class='ocrx_word' id='word_1_194' title='bbox 274 2650 373 2725; x_wconf 89' lang='lat' dir='ltr'>ipsum</span> <span class='ocrx_word' id='word_1_195' title='bbox 396 2648 526 2708; x_wconf 88' lang='lat' dir='ltr'>codicem</span> <span class='ocrx_word' id='word_1_196' title='bbox 544 2667 611 2707; x_wconf 86' lang='lat' dir='ltr'>curn</span> <span class='ocrx_word' id='word_1_197' title='bbox 634 2650 702 2708; x_wconf 87' lang='lat' dir='ltr'>aliis</span> <span class='ocrx_word' id='word_1_198' title='bbox 726 2668 762 2708; x_wconf 88' lang='lat' dir='ltr'>ea</span> <span class='ocrx_word' id='word_1_199' title='bbox 785 2652 882 2708; x_wconf 86' lang='lat' dir='ltr'>aetate</span> <span class='ocrx_word' id='word_1_200' title='bbox 903 2667 965 2709; x_wconf 88' lang='lat' dir='ltr'>esse</span> <span class='ocrx_word' id='word_1_201' title='bbox 984 2651 1141 2708; x_wconf 89' lang='lat' dir='ltr'>conlatum.</span> 
     </span>
     <span class='ocr_line' id='line_1_26' title="bbox 127 2745 1141 2825; baseline 0 -20"><span class='ocrx_word' id='word_1_202' title='bbox 127 2749 305 2822; x_wconf 92' lang='lat' dir='ltr'>quicumque</span> <span class='ocrx_word' id='word_1_203' title='bbox 329 2748 428 2804; x_wconf 85' lang='lat' dir='ltr'>autem</span> <span class='ocrx_word' id='word_1_204' title='bbox 447 2745 546 2806; x_wconf 91' lang='lat' dir='ltr'>sobrio</span> <span class='ocrx_word' id='word_1_205' title='bbox 564 2764 634 2806; x_wconf 89' lang='lat' dir='ltr'>usus</span> <span class='ocrx_word' id='word_1_206' title='bbox 656 2747 767 2805; x_wconf 92' lang='lat' dir='ltr'>iudicio</span> <span class='ocrx_word' id='word_1_207' title='bbox 790 2747 821 2804; x_wconf 92' lang='lat' dir='ltr'>id</span> <span class='ocrx_word' id='word_1_208' title='bbox 842 2747 954 2824; x_wconf 84' lang='lat' dir='ltr'>fecerit,</span> <span class='ocrx_word' id='word_1_209' title='bbox 977 2766 1044 2806; x_wconf 91' lang='lat' dir='ltr'>eum</span> <span class='ocrx_word' id='word_1_210' title='bbox 1065 2767 1141 2825; x_wconf 89' lang='lat' dir='ltr'>nego</span> 
     </span>
     <span class='ocr_line' id='line_1_27' title="bbox 125 2843 1142 2922; baseline 0 -20"><span class='ocrx_word' id='word_1_211' title='bbox 125 2863 187 2903; x_wconf 93' lang='lat' dir='ltr'>non</span> <span class='ocrx_word' id='word_1_212' title='bbox 209 2845 340 2920; x_wconf 89' lang='lat' dir='ltr'>potuisse</span> <span class='ocrx_word' id='word_1_213' title='bbox 365 2861 539 2922; x_wconf 88' lang='lat' dir='ltr'>cognoscere</span> <span class='ocrx_word' id='word_1_214' title='bbox 558 2848 670 2920; x_wconf 90' lang='lat' dir='ltr'>quanto</span> <span class='ocrx_word' id='word_1_215' title='bbox 689 2847 809 2920; x_wconf 90' lang='lat' dir='ltr'>superet</span> <span class='ocrx_word' id='word_1_216' title='bbox 826 2843 994 2904; x_wconf 85' lang='lat' dir='ltr'>Puteaneus</span> <span class='ocrx_word' id='word_1_217' title='bbox 1014 2862 1071 2920; x_wconf 85' lang='lat' dir='ltr'>eos,</span> <span class='ocrx_word' id='word_1_218' title='bbox 1091 2847 1142 2920; x_wconf 91' lang='lat' dir='ltr'>qui</span> 
     </span>
     <span class='ocr_line' id='line_1_28' title="bbox 124 2940 1141 3017; baseline 0.002 -17"><span class='ocrx_word' id='word_1_219' title='bbox 124 2945 197 3001; x_wconf 88' lang='lat' dir='ltr'>tunc</span> <span class='ocrx_word' id='word_1_220' title='bbox 221 2941 511 3016; x_wconf 82' lang='lat' dir='ltr'>circumferebantur,</span> <span class='ocrx_word' id='word_1_221' title='bbox 534 2940 633 3001; x_wconf 94' lang='lat' dir='ltr'>libros.</span> <span class='ocrx_word' id='word_1_222' title='bbox 679 2943 782 3017; x_wconf 87' lang='lat' dir='ltr'>itaque</span> <span class='ocrx_word' id='word_1_223' title='bbox 805 2961 840 3002; x_wconf 88' lang='lat' dir='ltr'>ex</span> <span class='ocrx_word' id='word_1_224' title='bbox 863 2962 897 3002; x_wconf 93' lang='lat' dir='ltr'>eo</span> <span class='ocrx_word' id='word_1_225' title='bbox 920 2961 991 3001; x_wconf 86' lang='lat' dir='ltr'>uera</span> <span class='ocrx_word' id='word_1_226' title='bbox 1013 2943 1045 3000; x_wconf 91' lang='lat' dir='ltr'>in</span> <span class='ocrx_word' id='word_1_227' title='bbox 1069 2943 1141 3002; x_wconf 87' lang='lat' dir='ltr'>alio·</span> 
     </span>
     <span class='ocr_line' id='line_1_29' title="bbox 124 3039 1142 3116; baseline 0.001 -19"><span class='ocrx_word' id='word_1_228' title='bbox 124 3060 193 3098; x_wconf 91' lang='lat' dir='ltr'>rum</span> <span class='ocrx_word' id='word_1_229' title='bbox 219 3040 363 3099; x_wconf 91' lang='lat' dir='ltr'>librorum</span> <span class='ocrx_word' id='word_1_230' title='bbox 385 3041 519 3116; x_wconf 90' lang='lat' dir='ltr'>margine</span> <span class='ocrx_word' id='word_1_231' title='bbox 542 3039 692 3115; x_wconf 85' lang='lat' dir='ltr'>adscripta</span> <span class='ocrx_word' id='word_1_232' title='bbox 716 3058 861 3100; x_wconf 86' lang='lat' dir='ltr'>essenon</span> <span class='ocrx_word' id='word_1_233' title='bbox 883 3039 1036 3099; x_wconf 88' lang='lat' dir='ltr'>mirabere.</span> <span class='ocrx_word' id='word_1_234' title='bbox 1083 3060 1142 3116; x_wconf 90' lang='lat' dir='ltr'>quo</span> 
     </span>
    </p>
   </div>
   <div class='ocr_carea' id='block_1_9' title="bbox 3 3136 1141 3426">
    <p class='ocr_par' dir='ltr' id='par_1_9' title="bbox 3 3136 1141 3426">
     <span class='ocr_line' id='line_1_30' title="bbox 125 3136 1141 3215; baseline 0.002 -21"><span class='ocrx_word' id='word_1_235' title='bbox 125 3137 308 3210; x_wconf 84' lang='lat' dir='ltr'>factumest,</span> <span class='ocrx_word' id='word_1_236' title='bbox 326 3139 361 3194; x_wconf 93' lang='lat' dir='ltr'>ut</span> <span class='ocrx_word' id='word_1_237' title='bbox 377 3137 505 3195; x_wconf 83' lang='lat' dir='ltr'>mixtum</span> <span class='ocrx_word' id='word_1_238' title='bbox 523 3136 598 3194; x_wconf 88' lang='lat' dir='ltr'>illud</span> <span class='ocrx_word' id='word_1_239' title='bbox 612 3155 703 3215; x_wconf 88' lang='lat' dir='ltr'>genus</span> <span class='ocrx_word' id='word_1_240' title='bbox 718 3139 896 3214; x_wconf 81' lang='lat' dir='ltr'>proveniret,</span> <span class='ocrx_word' id='word_1_241' title='bbox 910 3138 993 3198; x_wconf 87' lang='lat' dir='ltr'>cuius</span> <span class='ocrx_word' id='word_1_242' title='bbox 1008 3137 1141 3196; x_wconf 86' lang='lat' dir='ltr'>innume·</span> 
     </span>
     <span class='ocr_line' id='line_1_31' title="bbox 124 3234 1140 3309; baseline -0.002 -15"><span class='ocrx_word' id='word_1_243' title='bbox 124 3235 235 3294; x_wconf 79' lang='lat' dir='ltr'>nabiles</span> <span class='ocrx_word' id='word_1_244' title='bbox 254 3235 315 3292; x_wconf 86' lang='lat' dir='ltr'>fero</span> <span class='ocrx_word' id='word_1_245' title='bbox 335 3234 447 3292; x_wconf 85' lang='lat' dir='ltr'>codices</span> <span class='ocrx_word' id='word_1_246' title='bbox 466 3234 576 3309; x_wconf 91' lang='lat' dir='ltr'>ubique</span> <span class='ocrx_word' id='word_1_247' title='bbox 595 3237 814 3295; x_wconf 84' lang='lat' dir='ltr'>conservantur.</span> <span class='ocrx_word' id='word_1_248' title='bbox 851 3238 886 3293; x_wconf 94' lang='lat' dir='ltr'>ut</span> <span class='ocrx_word' id='word_1_249' title='bbox 903 3236 959 3295; x_wconf 92' lang='lat' dir='ltr'>hoc</span> <span class='ocrx_word' id='word_1_250' title='bbox 981 3236 1047 3296; x_wconf 94' lang='lat' dir='ltr'>loco</span> <span class='ocrx_word' id='word_1_251' title='bbox 1066 3236 1140 3294; x_wconf 90' lang='lat' dir='ltr'>alios</span> 
     </span>
     <span class='ocr_line' id='line_1_32' title="bbox 3 3330 1141 3426; baseline 0 -35"><span class='ocrx_word' id='word_1_252' title='bbox 3 3341 4 3426; x_wconf 47' lang='lat'><em>]</em></span> <span class='ocrx_word' id='word_1_253' title='bbox 126 3333 265 3392; x_wconf 85' lang='lat' dir='ltr'>omittam</span> <span class='ocrx_word' id='word_1_254' title='bbox 283 3361 327 3372; x_wconf 90' lang='lat'>--</span> <span class='ocrx_word' id='word_1_255' title='bbox 346 3349 370 3388; x_wconf 88' lang='lat' dir='ltr'>e.</span> <span class='ocrx_word' id='word_1_256' title='bbox 390 3351 416 3408; x_wconf 86' lang='lat' dir='ltr'>g.</span> <span class='ocrx_word' id='word_1_257' title='bbox 437 3330 590 3391; x_wconf 81' lang='lat' dir='ltr'>Gudianus</span> <span class='ocrx_word' id='word_1_258' title='bbox 610 3333 650 3391; x_wconf 79' lang='lat'>52</span> <span class='ocrx_word' id='word_1_259' title='bbox 671 3333 709 3391; x_wconf 88' lang='lat' dir='ltr'>ad</span> <span class='ocrx_word' id='word_1_260' title='bbox 733 3334 811 3391; x_wconf 90' lang='lat' dir='ltr'>hunc</span> <span class='ocrx_word' id='word_1_261' title='bbox 836 3333 969 3393; x_wconf 86' lang='lat' dir='ltr'>ordine&#39;m</span> <span class='ocrx_word' id='word_1_262' title='bbox 993 3335 1141 3410; x_wconf 81' lang='lat' dir='ltr'>pertinere</span> 
     </span>
    </p>
   </div>
   <div class='ocr_carea' id='block_1_10' title="bbox 199 3526 595 3676">
    <p class='ocr_par' dir='ltr' id='par_1_10' title="bbox 199 3526 595 3676">
     <span class='ocr_line' id='line_1_33' title="bbox 199 3526 426 3596; baseline 0.004 -16"><span class='ocrx_word' id='word_1_263' title='bbox 199 3529 225 3596; x_wconf 86' lang='lat'>1)</span> <span class='ocrx_word' id='word_1_264' title='bbox 244 3526 262 3579; x_wconf 96' lang='lat' dir='ltr'>l.</span> <span class='ocrx_word' id='word_1_265' title='bbox 282 3526 300 3581; x_wconf 88' lang='lat' dir='ltr'>l.</span> <span class='ocrx_word' id='word_1_266' title='bbox 319 3545 346 3596; x_wconf 86' lang='lat' dir='ltr'>p.</span> <span class='ocrx_word' id='word_1_267' title='bbox 367 3533 426 3581; x_wconf 77' lang='lat'>218.</span> 
     </span>
     <span class='ocr_line' id='line_1_34' title="bbox 199 3605 595 3676; baseline 0 -15"><span class='ocrx_word' id='word_1_268' title='bbox 199 3609 225 3676; x_wconf 71' lang='lat'>2)</span> <span class='ocrx_word' id='word_1_269' title='bbox 244 3605 341 3660; x_wconf 85' lang='lat' dir='ltr'>Electa</span> <span class='ocrx_word' id='word_1_270' title='bbox 360 3607 489 3661; x_wconf 81' lang='lat' dir='ltr'>Statiano</span> <span class='ocrx_word' id='word_1_271' title='bbox 506 3626 533 3676; x_wconf 91' lang='lat' dir='ltr'>p.</span> <span class='ocrx_word' id='word_1_272' title='bbox 555 3614 595 3661; x_wconf 76' lang='lat'>12.</span> 
     </span>
    </p>
   </div>
   <div class='ocr_carea' id='block_1_11' title="bbox 0 0 1304 3880">
    <p class='ocr_par' dir='ltr' id='par_1_11' title="bbox 0 0 1304 3880">
     <span class='ocr_line' id='line_1_35' title="bbox 0 0 1304 3880; baseline 0 0"><span class='ocrx_word' id='word_1_273' title='bbox 0 0 1304 3880; x_wconf 95' lang='lat' dir='ltr'> </span> 
     </span>
    </p>
   </div>
  </div>
 </body>
</html>
