2598 3880
154 222 197 286 54
517 220 547 275 P.
566 220 690 274 PAPINI
709 219 814 274 STATI

114 403 141 440 11
153 385 208 448 hic
230 386 398 466 spumante
421 385 490 447 salo
514 383 632 448 iaciens
655 383 779 448 tumida
802 387 876 447 exta
899 382 1058 466 profatur:

154 490 341 573 ‘paruimus
364 491 517 575 genetrix,
541 509 734 573 quamquam
759 491 838 554 haut
855 490 1022 554 toleranda
1040 491 1171 573 pararis,

153 596 316 678 paruimus
339 596 488 660 nimium:
511 595 596 660 bellu
619 596 659 660 ad
682 595 820 660 Troiana
842 599 989 680 ratesque

100 700 322 787 oerArgolicas
346 702 509 784 quaesitus
532 701 591 766 eo.'
638 703 685 766 sie
708 723 799 766 orsus
822 706 855 766 et
876 703 951 766 elno

154 809 279 872 insiluit
300 809 492 892 penitusque
515 812 594 872 noto
618 809 772 872 stridente
795 808 1171 891 propinquiore

154 915 311 998 abripitur
333 917 439 979 terris:
463 919 495 980 et
518 916 582 978 iam
606 915 704 978 ardua
726 915 841 978 ducere
864 914 964 978 nubes

153 1021 267 1103 incipit
290 1023 322 1084 et
344 1022 443 1106 longo
467 1019 583 1104 Scyros
607 1021 766 1084 discedere
788 1023 898 1104 ponto.

242 1130 328 1190 turre
351 1126 466 1210 procul
489 1147 614 1191 smnma
636 1127 777 1191 lacrimis
801 1125 956 1190 comitata
979 1149 1125 1192 sororum

100 1251 140 1291 ³10
155 1234 424 1316 commissumque
448 1237 559 1296 teneus
582 1235 615 1295 et
637 1233 808 1297 habentem
832 1234 964 1297 nomina
985 1233 1146 1316 Pyrrhum

153 1338 312 1422 pendebat
335 1339 474 1402 coniunx
498 1337 663 1420 oculisque
686 1339 720 1402 in
744 1339 875 1403 carbasa
896 1340 969 1403 fixis
1145 1365 1171 1406 rs

154 1445 221 1509 ibat
244 1449 276 1509 et
298 1446 369 1529 ipsa
390 1446 483 1528 freto,
505 1447 537 1509 et
560 1467 702 1529 puppem
725 1445 789 1508 iam
813 1447 882 1510 sola
904 1444 1040 1510 videbat.

154 1553 209 1616 ille
232 1574 360 1636 quoque
384 1551 532 1634 obliquos
557 1551 673 1616 dilecta
696 1552 737 1615 ad
759 1553 886 1616 moenia
909 1553 1018 1616 vultus

155 1659 294 1722 declinat
316 1658 508 1741 viduamque
532 1657 663 1722 domum
687 1659 889 1744 gemitusque
912 1659 1042 1722 relictae

101 1783 141 1823 uu
155 1767 289 1850 cogitat:
314 1766 460 1829 occultus
484 1764 543 1828 sub
567 1764 662 1830 corde
684 1766 863 1831 renascitur
885 1765 980 1830 ardor

155 1872 272 1952 datque
295 1872 402 1935 locum
427 1871 536 1934 virtus.
579 1871 678 1935 sentit
701 1869 847 1936 Laertius
871 1871 965 1936 heros
1146 1898 1172 1938 ao

155 1980 349 2041 maerentem
372 1981 404 2042 et
427 1977 561 2060 placidis
585 1977 753 2063 adgressus
777 1978 905 2042 flectere
929 1978 1036 2044 dictis:

155 2082 252 2147 ‘tene'
276 2084 390 2167 inquit,
415 2083 562 2170 ‘magnae
585 2087 728 2148 vastator
751 2084 856 2148 debite
878 2082 1002 2168 Troiae,

156 2210 251 2274 quem
274 2187 402 2254 Danaae
427 2190 553 2273 classes,
576 2212 670 2272 quem
694 2191 804 2255 divum
828 2191 957 2255 oracula
978 2195 1127 2273 poscunt,

102 2314 142 2353 sio
156 2299 361 2377 erectumque
384 2301 492 2359 manet
513 2299 653 2359 reserato
677 2296 711 2359 in
733 2297 845 2360 limine
867 2295 1004 2374 Bellum,

156 2401 271 2466 callida
293 2401 432 2465 femineo
456 2401 601 2485 genetrix
624 2402 758 2466 violavit
780 2403 900 2466 amictu
1145 2428 1173 2467 as

227 2594 376 2662 Eaeempla:
397 2598 430 2646 26
449 2592 484 2659 cf.
505 2591 553 2646 Ov.
573 2596 638 2647 met.
658 2593 696 2647 XI
709 2600 762 2647 466
771 2612 808 2662 sq.
900 2600 932 2648 31
953 2594 987 2660 ef.
1008 2592 1093 2645 Theb.
1109 2592 1122 2644 I
1138 2596 1172 2644 '15

156 2664 240 2718 dietis
258 2665 430 2718 maerentem
448 2663 560 2718 flectere
579 2665 679 2718 adorti.

229 2848 260 2896 1⁷
280 2843 439 2898 tolleranda
455 2848 476 2895 P
565 2842 673 2911 pararis
693 2842 834 2898 Klotaics:
857 2842 971 2912 puberis
991 2845 1019 2912 (p
1037 2859 1058 2896 s.
1074 2844 1091 2896 t.
1106 2840 1173 2909 ΡΨ)

155 2919 187 2966 P:
215 2913 331 2969 iubebas
356 2913 483 2986 (iubebar
508 2930 541 2968 ecc
567 2929 609 2967 -as
633 2916 666 2981 Κ)
686 2932 713 2968 ω
809 2918 841 2966 18
861 2929 910 2968 cm.
931 2915 962 2965 0¹
985 2913 1049 2968 add.
1069 2911 1101 2964 θ’

156 2990 189 3037 21
218 2983 365 3053 Abripitur
392 3004 431 3040 m:
461 2985 602 3053 Arripitur
628 2989 649 3036 P
723 2984 824 3038 ducere
846 2989 904 3038 PB:
934 2999 1045 3038 cernere
1073 2983 1171 3042 0¹10:

156 3071 280 3109 creseere
299 3055 333 3114 (ι’
412 3055 537 3124 pubesc
641 3061 674 3108 22
693 3053 777 3124 longo
796 3071 890 3122 scyros
909 3061 940 3108 P:
970 3071 1063 3122 scyros
1086 3053 1172 3122 longo

156 3144 184 3180 ω
203 3127 297 3194 (etiam
310 3127 340 3194 Q)
408 3126 551 3180 discedere
570 3127 740 3195 (decrescere
759 3125 803 3193 (ι’)
885 3131 918 3178 23
938 3142 1050 3179 suorum
1070 3125 1100 3176 0¹

157 3202 191 3250 24
211 3195 450 3264 commissumque
467 3203 499 3250 P:
528 3196 747 3265 Confessumque
765 3215 793 3251 ω
901 3201 934 3250 26
953 3196 1098 3250 Pendebat
1115 3201 1172 3248 Pc:

157 3268 302 3322 Tendebat
321 3273 370 3327 αἱ(
477 3272 509 3321 26
529 3267 601 3322 freto
619 3274 678 3321 PE:
705 3268 808 3322 fretum
827 3286 854 3322 ω
931 3267 1048 3337 puppim
1067 3265 1101 3325 (ι’

156 3339 260 3394 fretum
279 3341 307 3393 et
324 3337 428 3393 nubem
448 3340 593 3405 Montium
619 3346 649 3394 ct
671 3339 731 3393 sola
749 3340 787 3394 ad
805 3339 983 3394 Deidamiam
999 3344 1102 3407 spectat

157 3450 190 3498 29
209 3413 408 3500 renadoiturP
498 3451 532 3499 30
551 3446 637 3500 sentit
654 3450 714 3499 PE:
733 3445 821 3499 sensit
840 3463 867 3499 ω
954 3449 986 3497 31
1007 3446 1036 3498 et
1054 3459 1104 3498 om.
1125 3442 1172 3502 0¹:

156 3516 339 3640 qqquvlstitozc
359 3519 376 3571 i.
482 3522 515 3569 ³4
536 3515 693 3570 liminum:
719 3515 810 3570 limite
828 3522 848 3569 P
952 3521 985 3569 35
1004 3515 1121 3569 violavit
1139 3519 1172 3567 P:
