2598 3880
165 218 209 280 22
530 216 559 269 Ρ.
578 216 702 270 ΡΑΡΙΝΙ
721 216 826 270 STATI

58 429 61 434 ,
161 379 336 466 gymnadas
361 383 417 444 aut
439 379 550 445 lustris
573 400 742 443 nemorum
766 380 905 446 concede
928 381 1049 466 vagari.

159 487 246 550 intus
270 486 319 550 ale
342 490 375 551 et
398 487 520 550 similes
543 485 628 550 inter
649 486 780 551 seclude
803 487 941 570 puellas3

158 591 253 657 litore
276 593 448 676 praecipue
471 595 632 676 portuque
656 614 763 658 arcere
787 597 959 658 memento,
1140 620 1185 660 aas

162 698 272 763 vidisti
295 699 391 763 modo
414 698 487 763 vela
509 699 691 785 Phrygum:
712 700 778 763 iam
802 704 914 764 mutua
937 700 1008 764 iura

158 804 270 870 fallere
293 805 500 871 transmissae
522 806 639 892 pelago
663 805 804 870 didicere
828 805 975 871 carinae?

249 912 373 977 accedit
395 913 490 978 dictis
513 917 606 996 pater
627 913 823 999 ingenioque
846 913 988 996 parentis

161 1019 323 1084 occultum
341 1015 505 1083 Aeaciden
519 1019 649 1102 -quis
669 1020 779 1083 dirum
801 1019 968 1084 fraudibus
993 1018 1122 1084 obstet?
1137 1055 1186 1066 --

159 1122 291 1208 accipit3
313 1125 399 1189 ultro
423 1125 521 1189 etiam
544 1129 715 1211 veneratur
737 1126 883 1210 supplice
907 1126 1019 1190 dextra
1142 1150 1184 1191 sss

160 1235 192 1295 et
214 1234 321 1316 grates
344 1232 465 1296 electus
489 1231 570 1317 agit:
592 1252 653 1298 nec
675 1232 771 1296 turba
792 1232 921 1315 piarum

159 1334 348 1418 Scyriadum
372 1342 476 1403 cessat
497 1339 598 1402 nimio
623 1339 762 1425 defigere
786 1339 858 1402 visu

159 1442 293 1529 virginis
318 1466 373 1509 ora
395 1465 507 1528 novae,
530 1449 688 1529 quantum
711 1445 835 1511 cervice
859 1445 1023 1528 comisque

160 1550 299 1616 emineat
321 1556 542 1635 quantumque
565 1574 693 1617 umeros
717 1574 754 1618 ac
777 1554 909 1636 pectora
931 1551 1054 1615 fundat.

160 1656 276 1722 dehinc
299 1658 421 1723 sociare
445 1658 560 1723 choros
584 1659 745 1741 castisque
768 1658 918 1723 accedere
941 1657 1040 1724 sacris
1141 1683 1183 1724 uc

159 1762 338 1845 hortantur,
362 1763 543 1845 ceduntque
565 1764 638 1828 loco
662 1769 695 1828 et
718 1765 904 1850 contingere
928 1765 1078 1850 gaudent.

160 1869 297 1951 qualiter
319 1866 439 1933 Idaliae
463 1869 618 1953 volucres,
641 1870 698 1934 ubi
721 1869 833 1934 mollia
855 1870 1010 1956 frangunt

158 1974 279 2057 nubila,
303 1975 367 2038 iam
389 1975 525 2062 longum
549 1976 702 2061 caeloque
725 1977 884 2060 domoque
908 1980 1068 2063 gregatae,

159 2081 187 2144 si
210 2081 317 2146 iunxit
339 2082 455 2166 pinnas
478 2083 669 2168 diverseque
692 2083 823 2167 hospita
845 2087 952 2148 tractu

158 2187 247 2251 venit
269 2189 347 2272 avis,
370 2193 504 2255 cunctae
528 2191 669 2273 primum
693 2189 851 2255 mirantur
873 2193 906 2254 et
927 2189 1073 2254 horrent:
1137 2214 1178 2256 aas

159 2315 236 2357 mox
258 2295 391 2378 propius
414 2296 612 2380 propiusque
634 2298 755 2382 volant,
778 2300 873 2378 atque
897 2317 969 2360 aere
991 2295 1027 2358 in
1050 2295 1121 2378 ipso

159 2400 315 2484 paulatim
338 2401 443 2466 fecere
466 2423 557 2466 suam
580 2403 758 2486 plausuque
783 2402 921 2468 secundo

160 2506 361 2572 circumeunt
382 2508 501 2572 hilares
525 2512 558 2573 et
580 2509 620 2572 ad
643 2510 708 2573 alta
731 2508 851 2573 cubilia
872 2508 1003 2574 ducunt.

234 2753 411 2808 Teatimcaia:
432 2757 483 2807 372
497 2753 586 2807 Piusc.
602 2769 717 2822 gramm.
732 2752 758 2805 Π
773 2756 832 2818 778,
847 2757 862 2805 3
878 2755 1002 2822 (prepter
1015 2754 1180 2809 uocabulum

160 2827 257 2893 grege)
279 2823 385 2878 Statius
408 2824 439 2877 in
457 2824 471 2877 I
488 2824 661 2878 Achilleidos
682 2823 817 2893 ‘qualiter
833 2823 941 2877 Idaliae
964 2824 1104 2892 volucres,
1128 2825 1180 2879 ubi

160 2895 265 3035 gualli?
279 2895 414 2964 frangunt
436 2895 550 2962 nubila,
578 2895 635 2948 iam
658 2895 774 2964 longum
797 2894 931 2962 caeloque
955 2895 1093 2965 domoque
1116 2911 1180 2965 gre·

232 3201 283 3250 358
303 3183 494 3264 Cymn‘adasl’
549 3195 669 3249 concede
689 3195 930 3264 (ns‚c.add.1³¹)
1008 3201 1059 3248 363
1078 3211 1181 3265 paren-

160 3267 197 3321 tis
215 3273 298 3320 Hc:
317 3269 484 3335 parentas
574 3270 625 3320 367
645 3266 829 3334 Scyridqu
896 3265 983 3320 nimio
1003 3283 1043 3321 ωε
1063 3267 1180 3322 niveo?

232 3379 283 3427 aas
307 3373 401 3427 aaut
421 3380 438 3426 o
551 3377 603 3426 aso
621 3355 711 3428 aaa
729 3377 760 3426 a:
782 3371 854 3426 aaa
873 3378 927 3426 aa
946 3379 972 3427 a
992 3373 1053 3428 ceo
1073 3374 1182 3429 Malla

161 3449 233 3499 1861
248 3463 278 3513 p.
292 3448 327 3498 13
453 3448 506 3497 374
523 3448 671 3512 pennasQ
761 3442 938 3512 diversoque:
968 3444 1077 3498 diverso
1106 3461 1181 3514 quae

163 3517 294 3570 Maelius
319 3522 416 3570 centra
443 3514 516 3570 Stati
542 3531 623 3569 ussus
731 3519 782 3568 376
809 3515 925 3584 propius
954 3531 1004 3570 om,
1023 3521 1072 3567 Px

162 3590 213 3638 378
233 3584 383 3639 Circueunt
402 3592 419 3638 0
