2598 3880
487 210 611 264 Editoris
631 210 779 280 preefutio.
1065 213 1141 266 XXV

127 383 161 440 in
189 398 224 440 ee
251 399 321 442 vero
349 381 444 458 parte,
472 400 562 456 quem
589 383 713 456 quartus
736 380 876 440 librarius
899 383 1042 456 exerevit,
1066 400 1143 440 com·

127 479 228 556 plures
250 479 282 537 in
307 479 469 556 exemplari
486 479 609 538 lacunas
626 479 719 537 fuisse
739 480 934 556 cognoscitur,
953 497 1026 554 ques
1044 481 1141 554 poste·

127 578 206 636 riore
224 578 322 636 eetete
342 577 473 652 expletus
492 593 554 636 esse
571 578 633 634 iem
650 575 857 636 Kohlmannus
876 575 1040 636 adnotavit.
1076 595 1144 653 sup·

127 675 279 751 plementa
302 676 402 733 eutem
424 674 505 733 facte
529 677 598 733 sunt
619 674 705 733 haec:

262 771 353 830 Theb.
367 771 443 830 VIII
458 773 627 831 86-145:
649 785 788 832 versuum
812 773 854 832 60

396 870 628 930 xerse-755:
651 888 790 930 versuum
815 872 879 930 120

395 968 662 1029 X939-x146:
685 985 824 1028 versuum
847 959 921 1046 471)

378 1066 422 1125 XI
437 1067 627 1126 409-469:
650 1085 789 1126 versuum
813 1067 853 1125 61

316 1164 629 1223 th.1529—662:
652 1183 790 1224 versuum
815 1155 911 1244 1342)

388 1262 626 1322 11150—167:
647 1280 786 1322 versuum
811 1255 884 1342 18³)

132 1377 206 1435 quos
228 1379 366 1420 numeros
389 1362 416 1419 si
438 1361 634 1435 contemplati
656 1362 778 1434 erimus,
805 1362 909 1419 statim
934 1359 1093 1436 apparebit
1114 1362 1146 1418 in

132 1458 302 1532 exemplari,
324 1456 403 1515 unde
422 1456 573 1516 descendit
587 1461 630 1532 Q,
654 1458 780 1534 singulis
798 1460 917 1535 paginis
935 1460 1071 1533 tricenos,
1092 1459 1146 1518 sub

131 1553 222 1613 finem
240 1555 349 1614 codicis
367 1556 496 1613 tricenos
518 1556 618 1616 ternos
636 1572 738 1614 versus
761 1557 886 1630 scriptos
909 1547 1045 1636 fuisse4)3
1068 1555 1147 1615 idem

131 1651 261 1712 efficitur
283 1654 309 1711 si
333 1654 399 1728 quis
423 1672 439 1711 e
460 1652 650 1712 librariorum
673 1653 857 1730 singulorum
878 1656 978 1729 pensis
1001 1655 1147 1713 rationem

131 1749 293 1810 subducere
315 1751 403 1826 velit,
430 1769 490 1827 que
513 1769 603 1827 opere
624 1769 678 1811 nos
701 1751 757 1811 hoc
779 1752 844 1811 loco
866 1769 1022 1827 possumus
1046 1770 1146 1828 super-

130 1847 240 1909 sedere.

198 1947 329 2024 singulos
349 1949 449 2006 eutem
466 1947 604 2007 librarios
622 1949 654 2006 in
676 1949 824 2023 apparatu
842 1949 946 2006 critico
966 1948 1147 2025 distinguere

131 2046 211 2104 notis
239 2045 366 2122 singulis
393 2063 499 2120 operae
530 2047 661 2121 pretium
696 2064 756 2104 non
788 2046 845 2120 est,
877 2047 1035 2120 propterea
1067 2045 1147 2121 quod

132 2161 167 2202 ex
197 2141 299 2201 eodem
330 2160 379 2201 eos
413 2141 490 2201 libro
520 2159 574 2201 sue
599 2143 821 2218 transcripsisse
844 2145 957 2201 certum
980 2145 1033 2202 est.
1079 2161 1146 2218 sup·

131 2240 282 2316 plemente
305 2243 412 2315 eutem,
433 2259 499 2299 cum
521 2259 581 2299 non
604 2241 764 2299 verisimile
791 2241 831 2299 sit
852 2243 921 2316 post
939 2240 999 2301 duo
1021 2242 1069 2300 vel
1087 2243 1147 2300 triu

132 2339 250 2398 saecula
273 2357 308 2397 ex
331 2338 433 2398 eodem
455 2339 537 2397 fonte
559 2338 687 2412 fluxisse,
708 2338 811 2399 littera
834 2357 857 2413 q
879 2341 1056 2399 notavimus.

204 2556 230 2624 1)
254 2553 299 2607 cui
327 2569 441 2606 numero
465 2552 588 2606 addendi
612 2554 677 2605 sunt
700 2552 859 2621 argumenti
882 2551 1030 2606 duodecim
1053 2569 1147 2606 versus

131 2649 260 2703 unusque
285 2632 400 2701 insuper
416 2629 461 2684 vel
487 2630 542 2684 duo
568 2648 623 2700 quo
648 2630 749 2684 titulus
774 2631 840 2685 libri
857 2631 999 2686 undecimi
1018 2634 1148 2686 exoratus

132 2713 187 2768 fuit
205 2713 236 2767 in
255 2711 415 2782 exemplari.

204 2797 230 2865 2)
250 2793 286 2848 eb
305 2793 358 2847 hoc
376 2807 492 2846 numero
511 2791 566 2845 duo
584 2807 679 2845 versus
699 2790 882 2845 subtrahendi
903 2794 976 2846 eunt.
1008 2809 1075 2845 nem
1088 2809 1147 2846 ver-

133 2891 179 2928 sus
199 2879 250 2928 662
270 2873 390 2942 scriptus
414 2875 475 2926 eret
497 2871 528 2925 in
551 2871 648 2926 codice
671 2871 707 2924 nb
731 2871 792 2941 ipso
816 2871 932 2926 librario
949 2890 974 2926 v.
994 2877 1046 2926 528
1064 2872 1148 2926 unius

132 2969 226 3008 versus
254 2954 347 3023 spatio
374 2953 486 3019 omisso,
514 2951 563 3006 sed
589 2955 741 3021 postquem
762 2966 857 3005 versus
884 2968 973 3022 usque
996 2953 1033 3005 ed
1050 2970 1075 3006 v.
1096 2957 1147 3006 662

133 3033 257 3105 suppleti
282 3036 359 3100 sunt,
387 3033 512 3087 radendo
540 3032 679 3087 extinctus
707 3034 757 3086 cst.
798 3034 945 3100 praeterea
967 3051 991 3087 v.
1013 3038 1062 3087 661
1092 3050 1148 3087 non

132 3115 219 3170 fuisse
237 3114 268 3168 in
287 3113 439 3183 exemplari
457 3112 691 3167 verisimillimum
710 3115 760 3167 eet.

204 3197 231 3265 3)
249 3211 344 3248 versus
360 3199 409 3248 160
428 3210 518 3263 peene
537 3194 623 3250 deleti
637 3193 757 3264 vestigia
771 3194 910 3263 quaedem
925 3196 1037 3249 exstant
1049 3193 1080 3246 in
1094 3193 1148 3246 fine

133 3275 195 3331 folii
215 3275 289 3341 181¹³‚
311 3274 387 3328 unde
413 3274 545 3329 ultimam
566 3275 702 3344 peginam
720 3289 793 3342 quae
816 3274 846 3327 in
870 3273 1022 3343 exemplari
1045 3272 1149 3326 rescise

133 3356 195 3422 fuit,
215 3373 239 3410 v.
260 3361 309 3410 161
330 3353 455 3424 coepisse
474 3355 658 3425 cognoscitur.

205 3439 232 3507 4)
251 3435 339 3489 artius
358 3433 469 3488 codices
487 3434 604 3506 pingere
623 3435 720 3489 solitos
739 3451 799 3489 esee
818 3435 868 3489 sub
887 3435 972 3489 finem
986 3433 1148 3488 luculentis-

134 3515 204 3572 simo
219 3515 323 3570 codicis
337 3514 484 3569 Bernensis
500 3520 551 3569 166
566 3515 694 3584 exemplo
707 3515 893 3585 cognoscitur,
906 3514 936 3567 in
951 3531 1006 3582 quo
1019 3529 1149 3567 versuum

134 3613 265 3651 numerus
279 3595 328 3665 qui
343 3594 461 3665 singulis
474 3594 588 3666 paginis
601 3596 742 3665 leguntur,
758 3612 776 3671 ³².
789 3601 822 3650 60
838 3593 938 3649 crescit
951 3608 1039 3661 usque
1054 3593 1091 3646 ed
1107 3599 1148 3647 75.
