2598 3880
163 231 279 285 xxxvi
527 230 650 285 acces
668 231 816 301 praeraso.

163 399 240 458 mihi
262 399 380 458 videtur
401 400 532 473 itemque
551 399 736 458 Monacensis
762 401 802 458 14
813 400 886 473 557,
909 400 945 458 11
968 419 1027 475 quo
1047 399 1183 459 Gusiafs·

165 515 255 557 sonus
278 499 340 575 egit
362 499 394 556 in
417 495 715 556 commentationibus
733 496 928 556 Vahlenianis
951 517 980 573 p.
1000 499 1114 572 494sq.
1134 531 1183 572 -,

163 597 229 670 ipse
248 614 335 670 quem
353 595 493 654 Wctkins
515 595 595 652 tanti
617 596 788 654 aestimavit
811 595 902 654 codex
921 593 1123 672 Sangallensis
1143 595 1183 652 ad

165 693 315 768 exemplar
333 692 456 768 aliquod
475 694 639 751 correctum
662 691 823 751 secundum
840 691 1024 750 Putecneum
1047 693 1095 752 vel
1119 694 1182 751 eius

165 791 324 868 gemellum
342 789 428 849 redit
466 807 536 848 nam
555 789 633 864 quod
653 809 721 848 eum
740 788 850 847 librum
868 788 982 849 duobus
1006 789 1078 848 locis
1097 809 1182 848 veras

164 888 308 947 lectiones
336 886 432 946 solum
454 888 611 946 retinuisse
638 887 690 945 ille
718 887 868 960 autumat,
896 887 969 945 satis
992 887 1096 944 mirari
1122 906 1183 946 non

164 1003 292 1059 possum.
331 985 424 1043 altero
444 986 523 1043 enim
541 984 605 1043 loco
625 983 822 1044 ’1111111291
848 1002 914 1043 cum
937 985 1056 1042 vebum
1079 1003 1182 1060 eupra-

62 1098 68 1111 ·
165 1083 310 1156 scriptum
329 1083 369 1140 sit
387 1080 508 1156 abipso
527 1080 658 1155 librario,
674 1083 726 1155 qui
743 1083 776 1138 in
793 1083 877 1140 textu
896 1083 1055 1156 scripserat
1072 1099 1182 1148 cerum,

165 1197 256 1253 quam
279 1177 437 1238 lectionem
460 1181 627 1253 antiquitus
649 1178 792 1237 traditam
816 1196 878 1238 esse
900 1181 1033 1237 omnium
1057 1181 1109 1254 qui
1131 1180 1182 1238 ad-

164 1277 223 1336 buc
244 1278 400 1336 innotuere
423 1275 567 1335 librorum
590 1294 732 1335 consensu
756 1276 983 1350 demonstratur,
1011 1279 1084 1336 satis
1109 1279 1183 1352 puto

165 1377 291 1450 apparet
318 1377 350 1432 in
378 1375 539 1450 exemplari
567 1374 676 1433 codicis
701 1373 902 1451 Sangallensis
927 1374 1182 1433 1111111111-

164 1474 243 1530 11111
267 1472 396 1549 quodam
417 1473 504 1533 docto
524 1473 706 1548 adscriptum
724 1472 824 1545 fuisse,
843 1473 927 1529 cuius
945 1473 1073 1548 vestigia
1091 1474 1183 1530 etiam

164 1571 233 1628 aliis
261 1571 333 1629 locis
358 1571 472 1628 exstare
494 1589 531 1628 ne
554 1569 710 1628 Wcikium
734 1567 853 1644 quidem
881 1570 1045 1644 praeteriit.
1091 1569 1184 1628 Theb.

163 1668 179 1725 Ι
199 1667 262 1726 653
282 1667 361 1742 quod
384 1668 494 1744 legitur
511 1666 598 1733 Lero,
622 1666 717 1725 eidem
735 1666 822 1725 docto
845 1665 947 1724 licebit
971 1665 1112 1740 tribuere,
1132 1669 1185 1741 qui

165 1764 261 1823 altero
285 1765 350 1823 loco
373 1765 490 1841 egregie
509 1765 662 1821 succurrit.
699 1765 789 1838 atque
809 1763 929 1822 doctum
946 1763 1097 1823 hominem
1115 1782 1185 1822 eum

164 1863 264 1936 fuisse,
285 1862 337 1936 qui
355 1860 520 1936 complures
539 1859 630 1920 libros
643 1864 723 1919 mter
736 1879 766 1920 se
781 1861 917 1935 contulit,
931 1880 966 1920 ac
980 1881 1039 1920 non
1053 1879 1181 1920 mercen⁸

116 1965 119 1970 “
164 1961 282 2017 nerium
305 1957 469 2034 quemlibet
495 1957 651 2020 librarimn
677 1961 744 2034 ipsa
767 1979 798 2017 rc
826 1961 917 2035 patet.
965 1961 1069 2018 contra
1090 1960 1184 2018 inter-

164 2057 285 2133 polatae
303 2058 483 2126 recensionis
502 2059 575 2115 satis
593 2057 690 2115 multa
707 2059 740 2114 in
762 2059 827 2133 ipso
847 2055 1036 2134 sangallensi
1053 2059 1183 2134 vestigia
1287 2073 1288 2076 ’

163 2156 368 2228 inveniuntur3
397 2153 543 2229 equibus
566 2173 662 2230 pauca
686 2156 776 2229 atque
800 2172 834 2212 11
858 2155 1035 2230 gravissima
1059 2153 1185 2213 adnoto:
1287 2155 1288 2194 ἶ

231 2251 321 2310 Theb.
340 2252 356 2309 Ι
376 2252 439 2309 215
459 2252 556 2323 quoad
573 2268 671 2323 usqae.
707 2251 787 2310 idern
806 2252 916 2329 legitur
934 2252 966 2308 in
991 2255 1021 2317 Q
1044 2249 1184 2310 Gudiano

166 2351 206 2406 52
232 2349 308 2408 aliis.

231 2444 322 2504 Theb.
341 2445 356 2502 Ι
375 2447 441 2505 440
463 2447 539 2503 taire
569 2464 659 2520 quam
688 2446 890 2504 foedissimam
919 2445 1184 2520 interpolationem

165 2546 256 2602 ctiam
278 2546 311 2601 in
334 2543 402 2602 aliis
421 2542 596 2602 deterrimae
619 2545 707 2602 notae
730 2542 815 2602 libris
838 2545 952 2602 exstare
971 2561 987 2600 1
1005 2542 1125 2601 Miilleri
1144 2543 1184 2600 ad

163 2642 242 2700 hunc
265 2643 365 2701 locum
386 2643 458 2701 nota
481 2641 628 2700 discimus.

231 2739 321 2798 Theb.
341 2739 356 2797 I
376 2741 437 2798 571
457 2740 679 2812 pubescentibus
697 2739 806 2797 iterum
824 2757 891 2796 cum
909 2738 1060 2796 nonnullis
1083 2756 1182 2812 epes-

165 2839 248 2896 simis
275 2836 359 2896 libris
387 2857 441 2912 pro
465 2856 536 2896 vera
562 2837 688 2896 lectione
711 2837 819 2910 pubem
841 2834 1036 2893 meoticas(
1061 2849 1184 2910 possum

164 2936 252 3010 plura
283 2936 415 3011 proferre
447 2935 495 2993 vel
527 2954 561 2992 ex
593 2936 682 3010 primi
714 2934 784 2992 libri
816 2932 982 2991 conlatione
1015 2950 1033 2990 a
1059 2931 1183 2991 Wotkio

165 3031 258 3090 edita:
273 3032 424 3090 sufficiunt
437 3032 470 3089 hi
483 3033 550 3106 loci,
563 3034 598 3089 ut
611 3032 708 3108 qualis
723 3032 838 3109 generis
853 3031 893 3088 sit
906 3030 957 3088 ille
972 3027 1183 3107 Sangallensie,

165 3132 366 3207 cognoscatur.
422 3149 510 3206 quem
541 3132 657 3189 tantum
687 3129 783 3204 abest,
811 3131 845 3185 ut
873 3126 1036 3203 quidquam
1068 3125 1106 3184 11
1138 3147 1183 3184 re·

166 3229 332 3286 censionem
363 3227 462 3286 valere
495 3245 643 3302 censeam,
674 3231 708 3285 ut
739 3226 841 3284 futuro
875 3223 1040 3283 Thebaidos
1074 3223 1183 3284 editori

166 3325 352 3385 abiciendum
376 3342 437 3384 esse
461 3325 602 3384 audacter
625 3325 801 3384 confirmem.

233 3441 309 3498 quae
329 3441 396 3481 cum
414 3425 458 3482 ita
476 3425 545 3497 sint,
565 3424 668 3482 ceteris
687 3421 780 3496 libris,
795 3439 869 3496 quos
887 3439 982 3494 neque
1002 3418 1183 3478 ePuteaneo

165 3539 261 3595 neque
284 3539 300 3578 1
323 3519 434 3578 Iuliani
462 3519 561 3578 codice
589 3519 706 3578 fluxisse
729 3537 782 3594 pro
806 3519 959 3593 explorato
983 3519 1040 3590 est,
1068 3519 1113 3576 ita
1138 3520 1184 3576 uti

166 3615 276 3689 licebit,
295 3617 426 3675 11111111
444 3617 694 3692 praestantissimi
710 3617 818 3674 codicis
838 3632 949 3673 errores
973 3615 1183 3672 emaculantur.
