2598 3880
176 207 278 260 XXXII
539 209 663 264 Editoris
681 208 828 279 praefatio.

177 395 266 434 mum.
313 376 363 435 sed
386 397 423 436 ne
445 377 521 437 falso
545 380 611 453 quis
633 378 748 438 codices
770 378 838 437 illos
863 382 959 445 Qox
982 379 1132 453 aestimet,
1155 378 1193 439 de

178 475 323 552 singulari
351 477 583 551 uniuscuiusque
611 478 708 552 pretio
737 476 883 552 quaedam
906 476 1013 535 addere
1036 476 1193 536 rideture

176 591 209 630 re
242 589 311 631 esse.
363 575 452 648 atque
484 593 577 631 unum
608 575 767 649 praemitto
791 574 916 652 singulis
940 592 974 633 ex
998 573 1193 634 deterioribus

176 669 265 728 fidem
286 669 453 729 habendam
477 688 539 730 esse
561 672 683 747 nullam,
706 673 766 731 nisi
790 671 842 730 ubi
864 691 932 731 cum
950 671 1101 732 Puteaneo
1125 691 1192 732 oon-

177 769 301 843 spirant.
348 787 416 827 cum
443 786 513 827 vero
542 768 632 828 codex
660 774 684 828 0
712 771 742 828 et
769 771 832 846 ipse
859 771 1047 849 neglegentia
1076 769 1194 830 librarii

177 868 282 944 grevia
304 866 410 924 menda
432 866 580 942 permulta
603 868 783 926 contraxerit
801 869 832 926 et
853 868 1031 928 foedissimis
1049 869 1193 928 recentio-

177 983 244 1021 rum
271 963 550 1038 interpolationibus
583 965 623 1022 sit
654 967 806 1040 turpatus,
836 985 896 1025 non
928 966 1058 1025 multum
1089 967 1193 1026 auxilii

178 1080 245 1120 eum
269 1060 384 1120 adferre
407 1063 539 1139 apparet.
583 1064 684 1122 tamen
706 1063 755 1122 hio
777 1063 840 1122 illic
863 1083 930 1122 cum
952 1063 1102 1124 Puteaneo
1125 1083 1193 1124 con-

179 1160 310 1218 servarit
332 1161 475 1238 genuinas
498 1160 649 1235 lectiones,
673 1161 708 1219 ef.
733 1180 756 1220 e.
776 1181 803 1237 g.
822 1161 895 1220 Ach.
915 1161 930 1219 I
950 1165 1023 1237 911,
1045 1161 1098 1220 ubi
1119 1179 1194 1222 com-
1294 1235 1295 1242 ἵ

173 1256 258 1330 petto
279 1258 387 1314 nititur
409 1260 528 1332 praeter
544 1258 690 1316 Puteanei
712 1258 804 1317 etiam
826 1258 961 1319 codicum
983 1259 1140 1320 Etonensis
1163 1264 1195 1319 et

178 1355 377 1415 Bruxellensis
401 1358 586 1416 auctoritate.
622 1357 805 1433 interpolata
827 1361 927 1417 eutem
949 1359 1037 1418 lectio
1059 1360 1091 1416 in
1114 1357 1194 1418 codi·
1294 1379 1295 1390 ¹

179 1471 226 1512 ces
245 1457 276 1520 Q.
294 1455 324 1512 et
341 1457 372 1512 Κ
394 1457 572 1531 penetrarit,
592 1473 667 1529 quae
685 1458 732 1514 est
748 1455 904 1528 compellat.
942 1456 1081 1515 similiter
1098 1455 1113 1513 I
1130 1457 1193 1516 760
1294 1453 1295 1464 ’

178 1553 210 1611 in
228 1552 355 1611 lectione
373 1555 475 1626 optwm
493 1555 631 1630 congruit
650 1557 674 1612 0
693 1572 760 1612 eum
778 1552 942 1613 Puteane0:
966 1558 1032 1621 QK
1050 1573 1085 1613 ex
1102 1556 1194 1612 inter-

178 1649 329 1725 polatione
352 1649 491 1709 exhibent
513 1655 621 1724 aptam.

245 1747 281 1806 de
304 1747 403 1806 codice
425 1751 465 1821 Κ,
488 1750 634 1822 quantum
656 1747 871 1807 eXohlmanni
895 1752 1042 1825 apparatu
1066 1750 1196 1827 perspici

178 1846 286 1921 potest,
309 1845 381 1904 haec
403 1845 464 1904 fere
491 1864 545 1921 pro
569 1845 656 1904 certis
685 1844 903 1904 affirmaverim.
949 1848 1104 1907 cohaerere
1127 1867 1197 1907 eum

180 1941 309 2017 quodam
338 1941 501 2002 adfinitatis
529 1943 648 2002 vinculo
677 1960 743 2000 cum
771 1943 855 2002 libris
882 1949 942 2011 QG
970 1946 1042 2004 satis
1071 1949 1198 2021 apparet

179 2041 227 2100 vel
250 2059 359 2118 magna
380 2040 435 2098 illa
457 2041 573 2116 lacuna,
592 2060 668 2116 quae
687 2043 732 2100 est
752 2042 830 2100 inter
848 2060 949 2102 versus
968 2042 1061 2102 1528
1077 2045 1107 2102 et
1122 2044 1196 2103 662.

180 2139 324 2198 accedunt
335 2138 447 2196 multae
461 2139 611 2213 lectioneS,
621 2157 697 2215 quae
710 2139 737 2197 ei
747 2158 814 2198 cum
827 2140 874 2200 his
888 2140 972 2200 libris
987 2143 1057 2200 sunt
1067 2159 1197 2200 commu·

179 2253 239 2294 nes.
270 2236 370 2292 temen
384 2235 463 2310 quod
476 2239 508 2294 Κ
520 2235 601 2295 haud
618 2255 687 2296 raro
706 2255 724 2295 a
742 2254 797 2296 sua
814 2238 930 2298 familia
946 2238 1066 2314 recedit,
1084 2239 1198 2315 partim

180 2334 284 2408 aperta
302 2332 532 2409 interpolatione
549 2333 663 2392 factum
680 2337 734 2408 est,
753 2354 829 2410 quae
847 2335 924 2394 unde
942 2336 1096 2413 inruperit,
1117 2356 1198 2396 nunc

180 2429 303 2506 quidem
329 2448 389 2488 non
416 2447 499 2506 curo,
525 2433 637 2507 partim
663 2432 794 2491 codicem
816 2433 1000 2493 Puteaneum
1022 2435 1070 2493 rel
1097 2435 1199 2510 ipsum

179 2528 226 2587 vel
250 2529 377 2588 similem
400 2529 462 2588 eius
485 2530 660 2589 mutationis
683 2548 787 2590 ansam
809 2530 924 2591 dedisse
946 2531 1106 2590 admodum
1127 2551 1196 2609 pro·

178 2626 277 2685 babile
302 2628 354 2685 est.
400 2627 431 2685 in
453 2627 733 2703 interpolationibus
756 2629 805 2688 hic
826 2629 890 2688 illic
912 2648 978 2688 cum
1002 2629 1196 2689 deterioribus

179 2724 263 2784 libris
287 2724 372 2799 facit,
401 2724 472 2784 alibi
494 2727 647 2802 propriam
670 2725 845 2785 emendandi
867 2727 948 2786 riam
969 2729 1118 2806 ingressus
1142 2729 1195 2786 est.

180 2823 319 2882 videntur
347 2823 438 2882 etiam
464 2823 496 2879 in
523 2823 635 2898 codiee,
662 2823 740 2882 unde
767 2827 827 2883 tres
850 2825 896 2882 illi
925 2824 995 2883 libri
1023 2829 1120 2893 <2011
1146 2824 1196 2884 de·

180 2920 365 2995 scendenmt,
383 2921 515 2997 duplices
529 2921 669 2980 lectiones
683 2922 833 2982 nonnullis
846 2924 919 2982 loeis
934 2922 1073 2982 extitisse.
1106 2925 1197 2999 atque

180 3019 425 3095 interpolatorem
447 3037 514 3077 eum
536 3020 639 3078 multis
661 3022 727 3078 tum
749 3020 795 3078 his
818 3021 890 3080 locis
914 3020 1022 3080 codicis
1040 3025 1071 3080 Κ
1085 3020 1195 3097 'depre-

180 3116 316 3176 hendisse
338 3115 413 3174 mihi
434 3116 549 3176 videor:

248 3214 322 3273 171
347 3232 419 3274 oum
440 3219 511 3275 Pc:
538 3233 617 3274 occo
639 3220 682 3283 ατ
708 3217 792 3275 ocmo'
813 3221 855 3276 E:
882 3213 958 3275 Μ
981 3234 1048 3276 cum
1070 3215 1196 3276 deterio-

180 3313 263 3373 ribus
285 3312 377 3372 libris.

248 3411 264 3469 Ι
289 3413 350 3471 116
384 3411 455 3470 deon
489 3411 592 3472 viridis
627 3416 734 3480 Pac:
770 3416 831 3472 tom
866 3414 979 3473 daconis
1014 3417 1053 3472 Κ.
1108 3413 1196 3472 facile

183 3513 353 3589 agnoscitur
375 3510 566 3588 interpolatio
588 3511 701 3570 leucoia
722 3529 777 3587 pro
801 3513 929 3590 genuino
951 3512 1062 3571 uirida.

248 3609 264 3667 Ι
284 3610 347 3668 348
371 3611 450 3669 timet
470 3603 621 3677 Pascat
645 3609 738 3670 studet
761 3601 840 3677 ΦΚ
