<?xml version="1.0" encoding="UTF-8"?>
<!DOCTYPE html PUBLIC "-//W3C//DTD XHTML 1.0 Transitional//EN"
    "http://www.w3.org/TR/xhtml1/DTD/xhtml1-transitional.dtd">
<html xmlns="http://www.w3.org/1999/xhtml" xml:lang="en" lang="en">
 <head>
  <title>
</title>
<meta http-equiv="Content-Type" content="text/html;charset=utf-8" />
  <meta name='ocr-system' content='tesseract 3.04.00' />
  <meta name='ocr-capabilities' content='ocr_page ocr_carea ocr_par ocr_line ocrx_word'/>
</head>
<body>
  <div class='ocr_page' id='page_1' title='image "./opera04statgoog_0037.png"; bbox 0 0 2598 3880; ppageno 0'>
   <div class='ocr_carea' id='block_1_1' title="bbox 405 227 1137 298">
    <p class='ocr_par' dir='ltr' id='par_1_1' title="bbox 405 227 1137 298">
     <span class='ocr_line' id='line_1_1' title="bbox 405 227 1137 298; baseline 0.004 -17"><span class='ocrx_word' id='word_1_1' title='bbox 405 266 407 269; x_wconf 91' lang='lat'>-</span> <span class='ocrx_word' id='word_1_2' title='bbox 481 227 606 284; x_wconf 83' lang='lat' dir='ltr'>Editoris</span> <span class='ocrx_word' id='word_1_3' title='bbox 623 229 772 298; x_wconf 86' lang='lat' dir='ltr'>praefatio.</span> <span class='ocrx_word' id='word_1_4' title='bbox 1021 229 1137 284; x_wconf 79' lang='lat' dir='ltr'>XXXIII</span> 
     </span>
    </p>
   </div>
   <div class='ocr_carea' id='block_1_2' title="bbox 186 388 1136 478">
    <p class='ocr_par' dir='ltr' id='par_1_2' title="bbox 186 388 1136 478">
     <span class='ocr_line' id='line_1_2' title="bbox 186 388 1136 478; baseline 0.004 -25"><span class='ocrx_word' id='word_1_5' title='bbox 186 395 284 455; x_wconf 83' lang='lat'><strong>1356</strong></span> <span class='ocrx_word' id='word_1_6' title='bbox 312 413 438 469; x_wconf 69' lang='lat' dir='ltr'>semique</span> <span class='ocrx_word' id='word_1_7' title='bbox 464 388 610 478; x_wconf 73' lang='lat' dir='ltr'><strong>PEQ¹)=</strong></span> <span class='ocrx_word' id='word_1_8' title='bbox 641 413 796 470; x_wconf 75' lang='lat' dir='ltr'>cenamque</span> <span class='ocrx_word' id='word_1_9' title='bbox 822 401 854 456; x_wconf 85' lang='lat' dir='ltr'>K</span> <span class='ocrx_word' id='word_1_10' title='bbox 883 416 950 456; x_wconf 90' lang='lat' dir='ltr'>cum</span> <span class='ocrx_word' id='word_1_11' title='bbox 981 398 1136 458; x_wconf 88' lang='lat' dir='ltr'>deterioris</span> 
     </span>
    </p>
   </div>
   <div class='ocr_carea' id='block_1_3' title="bbox 5 493 389 554">
    <p class='ocr_par' dir='ltr' id='par_1_3' title="bbox 5 493 389 554">
     <span class='ocr_line' id='line_1_3' title="bbox 5 493 389 554; baseline 0.016 -7"><span class='ocrx_word' id='word_1_12' title='bbox 5 551 6 554; x_wconf 50' lang='lat'>,</span> <span class='ocrx_word' id='word_1_13' title='bbox 117 495 208 552; x_wconf 88' lang='lat' dir='ltr'>notae</span> <span class='ocrx_word' id='word_1_14' title='bbox 230 493 389 553; x_wconf 78' lang='lat' dir='ltr'>codicibus,</span> 
     </span>
    </p>
   </div>
   <div class='ocr_carea' id='block_1_4' title="bbox 116 591 1136 862">
    <p class='ocr_par' dir='ltr' id='par_1_4' title="bbox 116 591 1136 862">
     <span class='ocr_line' id='line_1_4' title="bbox 184 591 1136 670; baseline 0.002 -22"><span class='ocrx_word' id='word_1_15' title='bbox 184 591 369 650; x_wconf 89' lang='lat' dir='ltr'>luculentum</span> <span class='ocrx_word' id='word_1_16' title='bbox 405 593 568 670; x_wconf 84' lang='lat' dir='ltr'>grassantis</span> <span class='ocrx_word' id='word_1_17' title='bbox 604 593 844 668; x_wconf 73' lang='lat' dir='ltr'>interpolationis</span> <span class='ocrx_word' id='word_1_18' title='bbox 887 593 1054 668; x_wconf 86' lang='lat' dir='ltr'>exemplum</span> <span class='ocrx_word' id='word_1_19' title='bbox 1090 595 1136 651; x_wconf 89' lang='lat' dir='ltr'>est</span> 
     </span>
     <span class='ocr_line' id='line_1_5' title="bbox 117 688 1135 765; baseline 0.003 -20"><span class='ocrx_word' id='word_1_20' title='bbox 117 709 145 745; x_wconf 86' lang='lat' dir='ltr'>v.</span> <span class='ocrx_word' id='word_1_21' title='bbox 163 688 179 746; x_wconf 95' lang='grc' dir='ltr'>Ι</span> <span class='ocrx_word' id='word_1_22' title='bbox 198 690 262 748; x_wconf 86' lang='grc'>434</span> <span class='ocrx_word' id='word_1_23' title='bbox 286 690 339 748; x_wconf 91' lang='lat' dir='ltr'>ubi</span> <span class='ocrx_word' id='word_1_24' title='bbox 360 690 422 750; x_wconf 85' lang='lat' dir='ltr'>levi</span> <span class='ocrx_word' id='word_1_25' title='bbox 443 709 540 748; x_wconf 92' lang='lat' dir='ltr'>errore</span> <span class='ocrx_word' id='word_1_26' title='bbox 562 692 594 747; x_wconf 93' lang='lat' dir='ltr'>in</span> <span class='ocrx_word' id='word_1_27' title='bbox 612 694 639 748; x_wconf 87' lang='lat' dir='ltr'>P</span> <span class='ocrx_word' id='word_1_28' title='bbox 657 691 754 750; x_wconf 84' lang='lat' dir='ltr'>exstat</span> <span class='ocrx_word' id='word_1_29' title='bbox 772 691 1025 750; x_wconf 65' lang='lat' dir='ltr'>munimentis.</span> <span class='ocrx_word' id='word_1_30' title='bbox 1062 691 1135 765; x_wconf 91' lang='lat' dir='ltr'>quid</span> 
     </span>
     <span class='ocr_line' id='line_1_6' title="bbox 116 786 1136 862; baseline 0.001 -19"><span class='ocrx_word' id='word_1_31' title='bbox 116 789 148 843; x_wconf 92' lang='lat' dir='ltr'>in</span> <span class='ocrx_word' id='word_1_32' title='bbox 177 786 299 846; x_wconf 87' lang='lat' dir='ltr'>alterius</span> <span class='ocrx_word' id='word_1_33' title='bbox 326 787 459 846; x_wconf 87' lang='lat' dir='ltr'>familiae</span> <span class='ocrx_word' id='word_1_34' title='bbox 483 788 644 862; x_wconf 84' lang='lat' dir='ltr'>archetypo</span> <span class='ocrx_word' id='word_1_35' title='bbox 672 787 763 846; x_wconf 81' lang='lat' dir='ltr'>fuerit</span> <span class='ocrx_word' id='word_1_36' title='bbox 785 807 846 846; x_wconf 93' lang='lat' dir='ltr'>non</span> <span class='ocrx_word' id='word_1_37' title='bbox 867 787 970 862; x_wconf 92' lang='lat' dir='ltr'>liquet.</span> <span class='ocrx_word' id='word_1_38' title='bbox 1016 788 1136 846; x_wconf 84' lang='lat' dir='ltr'>variant</span> 
     </span>
    </p>
   </div>
   <div class='ocr_carea' id='block_1_5' title="bbox 4 883 1137 961">
    <p class='ocr_par' dir='ltr' id='par_1_5' title="bbox 4 883 1137 961">
     <span class='ocr_line' id='line_1_7' title="bbox 4 883 1137 961; baseline -0.002 -19"><span class='ocrx_word' id='word_1_39' title='bbox 4 909 5 916; x_wconf 47' lang='lat'>¹</span> <span class='ocrx_word' id='word_1_40' title='bbox 118 885 206 960; x_wconf 86' lang='lat' dir='ltr'>enim,</span> <span class='ocrx_word' id='word_1_41' title='bbox 234 887 346 960; x_wconf 89' lang='lat' dir='ltr'>quiex</span> <span class='ocrx_word' id='word_1_42' title='bbox 369 904 403 945; x_wconf 90' lang='lat' dir='ltr'>eo</span> <span class='ocrx_word' id='word_1_43' title='bbox 426 903 602 945; x_wconf 81' lang='lat' dir='ltr'><strong>emanavere</strong></span> <span class='ocrx_word' id='word_1_44' title='bbox 628 884 711 942; x_wconf 89' lang='lat' dir='ltr'>libri:</span> <span class='ocrx_word' id='word_1_45' title='bbox 738 887 770 942; x_wconf 91' lang='lat' dir='ltr'>in</span> <span class='ocrx_word' id='word_1_46' title='bbox 794 888 825 951; x_wconf 82' lang='lat' dir='ltr'>Q.</span> <span class='ocrx_word' id='word_1_47' title='bbox 846 883 957 961; x_wconf 80' lang='lat' dir='ltr'>legitur</span> <span class='ocrx_word' id='word_1_48' title='bbox 979 888 1137 942; x_wconf 76' lang='lat' dir='ltr'>tenuentur</span> 
     </span>
    </p>
   </div>
   <div class='ocr_carea' id='block_1_6' title="bbox 117 973 1136 1350">
    <p class='ocr_par' dir='ltr' id='par_1_6' title="bbox 117 973 1136 1350">
     <span class='ocr_line' id='line_1_8' title="bbox 117 973 1136 1062; baseline 0.001 -24"><span class='ocrx_word' id='word_1_49' title='bbox 117 973 242 1062; x_wconf 56' lang='lat' dir='ltr'>macab,</span> <span class='ocrx_word' id='word_1_50' title='bbox 265 984 297 1040; x_wconf 93' lang='lat' dir='ltr'>in</span> <span class='ocrx_word' id='word_1_51' title='bbox 321 987 345 1042; x_wconf 83' lang='lat'><strong>0</strong></span> <span class='ocrx_word' id='word_1_52' title='bbox 368 986 527 1041; x_wconf 77' lang='grc'><strong>1111111111</strong></span> <span class='ocrx_word' id='word_1_53' title='bbox 548 983 707 1050; x_wconf 79' lang='lat' dir='ltr'>bumentia,</span> <span class='ocrx_word' id='word_1_54' title='bbox 732 981 811 1040; x_wconf 92' lang='lat' dir='ltr'>unde</span> <span class='ocrx_word' id='word_1_55' title='bbox 834 985 992 1040; x_wconf 77' lang='grc'><strong>1111111111</strong></span> <span class='ocrx_word' id='word_1_56' title='bbox 1012 981 1136 1040; x_wconf 77' lang='lat' dir='ltr'>humilia</span> 
     </span>
     <span class='ocr_line' id='line_1_9' title="bbox 118 1070 1136 1154; baseline -0.001 -18"><span class='ocrx_word' id='word_1_57' title='bbox 118 1082 265 1138; x_wconf 86' lang='lat' dir='ltr'>corrector</span> <span class='ocrx_word' id='word_1_58' title='bbox 284 1072 323 1138; x_wconf 64' lang='lat'>02</span> <span class='ocrx_word' id='word_1_59' title='bbox 346 1081 450 1154; x_wconf 84' lang='lat' dir='ltr'>effecit,</span> <span class='ocrx_word' id='word_1_60' title='bbox 473 1081 505 1138; x_wconf 92' lang='lat' dir='ltr'>in</span> <span class='ocrx_word' id='word_1_61' title='bbox 523 1070 750 1152; x_wconf 69' lang='lat' dir='ltr'>nicaenaeque</span> <span class='ocrx_word' id='word_1_62' title='bbox 772 1080 927 1138; x_wconf 77' lang='lat' dir='ltr'>bumentia</span> <span class='ocrx_word' id='word_1_63' title='bbox 963 1079 1034 1137; x_wconf 89' lang='lat' dir='ltr'>hine</span> <span class='ocrx_word' id='word_1_64' title='bbox 1056 1080 1082 1137; x_wconf 88' lang='lat' dir='ltr'>si</span> <span class='ocrx_word' id='word_1_65' title='bbox 1104 1080 1136 1136; x_wconf 91' lang='lat' dir='ltr'>in</span> 
     </span>
     <span class='ocr_line' id='line_1_10' title="bbox 117 1167 1135 1256; baseline 0.001 -24"><span class='ocrx_word' id='word_1_66' title='bbox 117 1195 149 1234; x_wconf 92' lang='lat' dir='ltr'>re</span> <span class='ocrx_word' id='word_1_67' title='bbox 181 1176 296 1235; x_wconf 90' lang='lat' dir='ltr'>lubrica</span> <span class='ocrx_word' id='word_1_68' title='bbox 326 1177 469 1236; x_wconf 87' lang='lat' dir='ltr'>iudicium</span> <span class='ocrx_word' id='word_1_69' title='bbox 500 1177 577 1236; x_wconf 88' lang='lat' dir='ltr'>ferre</span> <span class='ocrx_word' id='word_1_70' title='bbox 608 1178 687 1252; x_wconf 89' lang='lat' dir='ltr'>licet,</span> <span class='ocrx_word' id='word_1_71' title='bbox 715 1179 872 1236; x_wconf 80' lang='lat' dir='ltr'>tenuantur</span> <span class='ocrx_word' id='word_1_72' title='bbox 899 1167 1074 1256; x_wconf 80' lang='lat' dir='ltr'>(b)wmeatiu</span> <span class='ocrx_word' id='word_1_73' title='bbox 1103 1177 1135 1232; x_wconf 94' lang='lat' dir='ltr'>in</span> 
     </span>
     <span class='ocr_line' id='line_1_11' title="bbox 117 1273 1135 1350; baseline 0 -20"><span class='ocrx_word' id='word_1_74' title='bbox 117 1273 279 1350; x_wconf 87' lang='lat' dir='ltr'>archetypo</span> <span class='ocrx_word' id='word_1_75' title='bbox 298 1274 432 1334; x_wconf 86' lang='lat' dir='ltr'>codicum</span> <span class='ocrx_word' id='word_1_76' title='bbox 447 1279 543 1343; x_wconf 77' lang='lat' dir='ltr'>QKO</span> <span class='ocrx_word' id='word_1_77' title='bbox 561 1277 652 1334; x_wconf 89' lang='lat' dir='ltr'>fuisse</span> <span class='ocrx_word' id='word_1_78' title='bbox 666 1275 851 1348; x_wconf 85' lang='lat' dir='ltr'>coniecerim,</span> <span class='ocrx_word' id='word_1_79' title='bbox 870 1292 960 1348; x_wconf 87' lang='lat' dir='ltr'>quam</span> <span class='ocrx_word' id='word_1_80' title='bbox 977 1273 1135 1332; x_wconf 85' lang='lat' dir='ltr'>lectionem</span> 
     </span>
    </p>
   </div>
   <div class='ocr_carea' id='block_1_7' title="bbox 4 1369 1134 1450">
    <p class='ocr_par' dir='ltr' id='par_1_7' title="bbox 4 1369 1134 1450">
     <span class='ocr_line' id='line_1_12' title="bbox 4 1369 1134 1450; baseline 0 -23"><span class='ocrx_word' id='word_1_81' title='bbox 4 1375 6 1380; x_wconf 88' lang='lat'>&#39;</span> <span class='ocrx_word' id='word_1_82' title='bbox 118 1389 187 1427; x_wconf 88' lang='lat' dir='ltr'>cum</span> <span class='ocrx_word' id='word_1_83' title='bbox 209 1373 304 1429; x_wconf 88' lang='lat' dir='ltr'>metro</span> <span class='ocrx_word' id='word_1_84' title='bbox 327 1376 510 1450; x_wconf 75' lang='lat' dir='ltr'><strong>pugnantem</strong></span> <span class='ocrx_word' id='word_1_85' title='bbox 532 1375 644 1449; x_wconf 82' lang='lat' dir='ltr'>partim</span> <span class='ocrx_word' id='word_1_86' title='bbox 669 1389 823 1430; x_wconf 86' lang='lat' dir='ltr'>servavere</span> <span class='ocrx_word' id='word_1_87' title='bbox 845 1369 971 1443; x_wconf 90' lang='lat' dir='ltr'>librarii,</span> <span class='ocrx_word' id='word_1_88' title='bbox 988 1372 1134 1446; x_wconf 84' lang='lat' dir='ltr'>partime</span> 
     </span>
    </p>
   </div>
   <div class='ocr_carea' id='block_1_8' title="bbox 116 1465 1135 2905">
    <p class='ocr_par' dir='ltr' id='par_1_8' title="bbox 118 1465 1135 1639">
     <span class='ocr_line' id='line_1_13' title="bbox 118 1465 1135 1544; baseline 0.001 -21"><span class='ocrx_word' id='word_1_89' title='bbox 118 1465 244 1525; x_wconf 76' lang='lat' dir='ltr'><strong>libidine</strong></span> <span class='ocrx_word' id='word_1_90' title='bbox 267 1486 424 1528; x_wconf 80' lang='lat' dir='ltr'><strong>correxere.</strong></span> <span class='ocrx_word' id='word_1_91' title='bbox 462 1473 572 1528; x_wconf 86' lang='lat' dir='ltr'>certam</span> <span class='ocrx_word' id='word_1_92' title='bbox 591 1470 692 1527; x_wconf 87' lang='lat' dir='ltr'>autem</span> <span class='ocrx_word' id='word_1_93' title='bbox 710 1469 819 1527; x_wconf 90' lang='lat' dir='ltr'>iterum</span> <span class='ocrx_word' id='word_1_94' title='bbox 838 1468 1026 1544; x_wconf 80' lang='lat' dir='ltr'>agnoscimus</span> <span class='ocrx_word' id='word_1_95' title='bbox 1043 1469 1135 1525; x_wconf 90' lang='lat' dir='ltr'>inter-</span> 
     </span>
     <span class='ocr_line' id='line_1_14' title="bbox 118 1563 538 1639; baseline 0 -17"><span class='ocrx_word' id='word_1_96' title='bbox 118 1563 302 1639; x_wconf 89' lang='lat' dir='ltr'>polationem</span> <span class='ocrx_word' id='word_1_97' title='bbox 323 1567 355 1622; x_wconf 90' lang='lat' dir='ltr'>in</span> <span class='ocrx_word' id='word_1_98' title='bbox 379 1565 478 1624; x_wconf 90' lang='lat' dir='ltr'>codice</span> <span class='ocrx_word' id='word_1_99' title='bbox 500 1570 538 1623; x_wconf 84' lang='grc' dir='ltr'>Κ.</span> 
     </span>
    </p>

    <p class='ocr_par' dir='ltr' id='par_1_9' title="bbox 116 1655 1133 1836">
     <span class='ocr_line' id='line_1_15' title="bbox 178 1655 1133 1742; baseline 0.003 -24"><span class='ocrx_word' id='word_1_100' title='bbox 178 1660 201 1718; x_wconf 93' lang='grc' dir='ltr'>·Ι</span> <span class='ocrx_word' id='word_1_101' title='bbox 221 1662 284 1719; x_wconf 87' lang='grc'>684</span> <span class='ocrx_word' id='word_1_102' title='bbox 312 1661 417 1735; x_wconf 79' lang='lat' dir='ltr'>pclupe</span> <span class='ocrx_word' id='word_1_103' title='bbox 448 1655 574 1742; x_wconf 73' lang='lat' dir='ltr'><strong>PQ¹⁸):</strong></span> <span class='ocrx_word' id='word_1_104' title='bbox 599 1663 701 1736; x_wconf 76' lang='lat' dir='ltr'>pelape&#39;</span> <span class='ocrx_word' id='word_1_105' title='bbox 733 1655 851 1729; x_wconf 65' lang='lat' dir='ltr'><strong>Q20K.</strong></span> <span class='ocrx_word' id='word_1_106' title='bbox 896 1663 950 1720; x_wconf 82' lang='lat' dir='ltr'>hie&#39;</span> <span class='ocrx_word' id='word_1_107' title='bbox 977 1665 1133 1738; x_wconf 89' lang='lat' dir='ltr'>utramque</span> 
     </span>
     <span class='ocr_line' id='line_1_16' title="bbox 116 1759 1037 1836; baseline 0.002 -21"><span class='ocrx_word' id='word_1_108' title='bbox 116 1759 275 1818; x_wconf 91' lang='lat' dir='ltr'>lectionem</span> <span class='ocrx_word' id='word_1_109' title='bbox 302 1761 334 1816; x_wconf 93' lang='lat' dir='ltr'>in</span> <span class='ocrx_word' id='word_1_110' title='bbox 362 1760 523 1836; x_wconf 80' lang='lat' dir='ltr'>archetypo</span> <span class='ocrx_word' id='word_1_111' title='bbox 551 1761 673 1819; x_wconf 89' lang='lat' dir='ltr'>alterius</span> <span class='ocrx_word' id='word_1_112' title='bbox 697 1759 809 1818; x_wconf 86' lang='lat' dir='ltr'>ordinis</span> <span class='ocrx_word' id='word_1_113' title='bbox 836 1760 928 1818; x_wconf 73' lang='lat' dir='ltr'>trisse</span> <span class='ocrx_word' id='word_1_114' title='bbox 955 1763 1037 1835; x_wconf 90' lang='lat' dir='ltr'>puto.</span> 
     </span>
    </p>

    <p class='ocr_par' dir='ltr' id='par_1_10' title="bbox 116 1855 1135 2905">
     <span class='ocr_line' id='line_1_17' title="bbox 184 1855 1132 1932; baseline 0.003 -19"><span class='ocrx_word' id='word_1_115' title='bbox 184 1855 200 1913; x_wconf 97' lang='lat' dir='ltr'>I</span> <span class='ocrx_word' id='word_1_116' title='bbox 220 1857 282 1915; x_wconf 85' lang='grc'><strong>713</strong></span> <span class='ocrx_word' id='word_1_117' title='bbox 296 1857 414 1930; x_wconf 78' lang='lat' dir='ltr'>pridem</span> <span class='ocrx_word' id='word_1_118' title='bbox 431 1861 499 1930; x_wconf 76' lang='lat' dir='ltr'>Pu,</span> <span class='ocrx_word' id='word_1_119' title='bbox 522 1876 613 1932; x_wconf 90' lang='lat' dir='ltr'>quam</span> <span class='ocrx_word' id='word_1_120' title='bbox 635 1859 793 1917; x_wconf 89' lang='lat' dir='ltr'>lectionem</span> <span class='ocrx_word' id='word_1_121' title='bbox 815 1859 848 1916; x_wconf 90' lang='lat' dir='ltr'>in</span> <span class='ocrx_word' id='word_1_122' title='bbox 867 1858 927 1916; x_wconf 89' lang='lat' dir='ltr'>alia</span> <span class='ocrx_word' id='word_1_123' title='bbox 946 1857 1062 1915; x_wconf 88' lang='lat' dir='ltr'>familia</span> <span class='ocrx_word' id='word_1_124' title='bbox 1081 1857 1132 1916; x_wconf 89' lang='lat' dir='ltr'>ab·</span> 
     </span>
     <span class='ocr_line' id='line_1_18' title="bbox 116 1955 1133 2030; baseline 0.001 -19"><span class='ocrx_word' id='word_1_125' title='bbox 116 1955 225 2012; x_wconf 82' lang='lat' dir='ltr'>iactam</span> <span class='ocrx_word' id='word_1_126' title='bbox 249 1971 310 2013; x_wconf 90' lang='lat' dir='ltr'>esse</span> <span class='ocrx_word' id='word_1_127' title='bbox 333 1974 349 2013; x_wconf 93' lang='lat' dir='ltr'>e</span> <span class='ocrx_word' id='word_1_128' title='bbox 371 1956 516 2014; x_wconf 86' lang='lat' dir='ltr'>varietate</span> <span class='ocrx_word' id='word_1_129' title='bbox 540 1955 695 2030; x_wconf 79' lang='lat' dir='ltr'>archetypi</span> <span class='ocrx_word' id='word_1_130' title='bbox 718 1955 890 2030; x_wconf 86' lang='lat' dir='ltr'>explicatur.</span> <span class='ocrx_word' id='word_1_131' title='bbox 937 1957 1012 2012; x_wconf 89' lang='lat' dir='ltr'>certi</span> <span class='ocrx_word' id='word_1_132' title='bbox 1034 1957 1133 2012; x_wconf 89' lang='lat' dir='ltr'>autem</span> 
     </span>
     <span class='ocr_line' id='line_1_19' title="bbox 118 2051 1134 2127; baseline 0.001 -20"><span class='ocrx_word' id='word_1_133' title='bbox 118 2051 194 2108; x_wconf 89' lang='lat' dir='ltr'>nihil</span> <span class='ocrx_word' id='word_1_134' title='bbox 222 2053 318 2110; x_wconf 90' lang='lat' dir='ltr'>ausim</span> <span class='ocrx_word' id='word_1_135' title='bbox 345 2053 488 2127; x_wconf 82' lang='lat' dir='ltr'>proferre,</span> <span class='ocrx_word' id='word_1_136' title='bbox 521 2071 588 2110; x_wconf 87' lang='lat' dir='ltr'>curn</span> <span class='ocrx_word' id='word_1_137' title='bbox 614 2055 675 2110; x_wconf 90' lang='lat' dir='ltr'>tres</span> <span class='ocrx_word' id='word_1_138' title='bbox 702 2051 817 2110; x_wconf 89' lang='lat' dir='ltr'>codices</span> <span class='ocrx_word' id='word_1_139' title='bbox 844 2052 903 2126; x_wconf 90' lang='lat' dir='ltr'>ipsi</span> <span class='ocrx_word' id='word_1_140' title='bbox 930 2053 1029 2110; x_wconf 87' lang='lat' dir='ltr'>varias</span> <span class='ocrx_word' id='word_1_141' title='bbox 1055 2052 1134 2110; x_wconf 89' lang='lat' dir='ltr'>inter</span> 
     </span>
     <span class='ocr_line' id='line_1_20' title="bbox 118 2147 1135 2221; baseline -0.002 -13"><span class='ocrx_word' id='word_1_142' title='bbox 118 2166 148 2208; x_wconf 91' lang='lat' dir='ltr'>se</span> <span class='ocrx_word' id='word_1_143' title='bbox 163 2148 304 2207; x_wconf 89' lang='lat' dir='ltr'>lectiones</span> <span class='ocrx_word' id='word_1_144' title='bbox 324 2149 492 2207; x_wconf 88' lang='lat' dir='ltr'>exhibeant:</span> <span class='ocrx_word' id='word_1_145' title='bbox 511 2149 627 2220; x_wconf 76' lang='lat' dir='ltr'>quidem</span> <span class='ocrx_word' id='word_1_146' title='bbox 641 2153 684 2215; x_wconf 72' lang='lat' dir='ltr'>Q:</span> <span class='ocrx_word' id='word_1_147' title='bbox 702 2148 843 2220; x_wconf 75' lang='lat' dir='ltr'>quiddam</span> <span class='ocrx_word' id='word_1_148' title='bbox 855 2152 899 2207; x_wconf 85' lang='lat' dir='ltr'>K:</span> <span class='ocrx_word' id='word_1_149' title='bbox 913 2148 1004 2221; x_wconf 76' lang='lat' dir='ltr'>predi</span> <span class='ocrx_word' id='word_1_150' title='bbox 1017 2153 1050 2206; x_wconf 81' lang='lat'>0.</span> <span class='ocrx_word' id='word_1_151' title='bbox 1082 2147 1135 2206; x_wconf 93' lang='lat' dir='ltr'>ubi</span> 
     </span>
     <span class='ocr_line' id='line_1_21' title="bbox 118 2246 1133 2323; baseline 0.003 -20"><span class='ocrx_word' id='word_1_152' title='bbox 118 2246 233 2316; x_wconf 73' lang='lat' dir='ltr'>calcea</span> <span class='ocrx_word' id='word_1_153' title='bbox 265 2247 399 2323; x_wconf 89' lang='lat' dir='ltr'>apertam</span> <span class='ocrx_word' id='word_1_154' title='bbox 431 2248 631 2323; x_wconf 87' lang='lat' dir='ltr'>corruptelam</span> <span class='ocrx_word' id='word_1_155' title='bbox 661 2247 797 2322; x_wconf 90' lang='lat' dir='ltr'>praebet,</span> <span class='ocrx_word' id='word_1_156' title='bbox 828 2247 961 2322; x_wconf 87' lang='lat' dir='ltr'>reliquae</span> <span class='ocrx_word' id='word_1_157' title='bbox 992 2249 1133 2306; x_wconf 89' lang='lat' dir='ltr'>lectiones</span> 
     </span>
     <span class='ocr_line' id='line_1_22' title="bbox 117 2344 1132 2422; baseline 0.003 -22"><span class='ocrx_word' id='word_1_158' title='bbox 117 2344 379 2418; x_wconf 77' lang='lat' dir='ltr'>interpolationem</span> <span class='ocrx_word' id='word_1_159' title='bbox 406 2346 534 2419; x_wconf 87' lang='lat' dir='ltr'>sapiunt.</span> <span class='ocrx_word' id='word_1_160' title='bbox 586 2344 637 2403; x_wconf 92' lang='lat' dir='ltr'>sed</span> <span class='ocrx_word' id='word_1_161' title='bbox 659 2344 760 2403; x_wconf 89' lang='lat' dir='ltr'>taedet</span> <span class='ocrx_word' id='word_1_162' title='bbox 787 2346 912 2422; x_wconf 80' lang='lat' dir='ltr'>longius,</span> <span class='ocrx_word' id='word_1_163' title='bbox 942 2363 1031 2420; x_wconf 89' lang='lat' dir='ltr'>quam</span> <span class='ocrx_word' id='word_1_164' title='bbox 1059 2363 1132 2420; x_wconf 92' lang='lat' dir='ltr'>opus</span> 
     </span>
     <span class='ocr_line' id='line_1_23' title="bbox 118 2441 1132 2518; baseline 0.001 -18"><span class='ocrx_word' id='word_1_165' title='bbox 118 2443 188 2516; x_wconf 82' lang='lat' dir='ltr'>est,</span> <span class='ocrx_word' id='word_1_166' title='bbox 203 2443 315 2499; x_wconf 86' lang='lat' dir='ltr'>versari</span> <span class='ocrx_word' id='word_1_167' title='bbox 346 2443 378 2500; x_wconf 91' lang='lat' dir='ltr'>in</span> <span class='ocrx_word' id='word_1_168' title='bbox 410 2441 599 2500; x_wconf 84' lang='lat' dir='ltr'>librariorum</span> <span class='ocrx_word' id='word_1_169' title='bbox 626 2443 756 2518; x_wconf 89' lang='lat' dir='ltr'>ineptiis.</span> <span class='ocrx_word' id='word_1_170' title='bbox 806 2442 897 2500; x_wconf 84' lang='lat' dir='ltr'>codex</span> <span class='ocrx_word' id='word_1_171' title='bbox 925 2446 955 2508; x_wconf 73' lang='lat' dir='ltr'>Q</span> <span class='ocrx_word' id='word_1_172' title='bbox 982 2443 1071 2501; x_wconf 90' lang='lat' dir='ltr'>sicuti</span> <span class='ocrx_word' id='word_1_173' title='bbox 1098 2460 1132 2501; x_wconf 89' lang='lat' dir='ltr'>eo</span> 
     </span>
     <span class='ocr_line' id='line_1_24' title="bbox 117 2537 1133 2614; baseline 0.002 -20"><span class='ocrx_word' id='word_1_174' title='bbox 117 2539 191 2612; x_wconf 89' lang='lat' dir='ltr'>loco,</span> <span class='ocrx_word' id='word_1_175' title='bbox 223 2555 310 2611; x_wconf 89' lang='lat' dir='ltr'>quem</span> <span class='ocrx_word' id='word_1_176' title='bbox 342 2538 430 2599; x_wconf 90' lang='lat' dir='ltr'>modo</span> <span class='ocrx_word' id='word_1_177' title='bbox 455 2541 666 2612; x_wconf 84' lang='lat' dir='ltr'>tractavimus,</span> <span class='ocrx_word' id='word_1_178' title='bbox 699 2537 735 2596; x_wconf 92' lang='lat' dir='ltr'>ab</span> <span class='ocrx_word' id='word_1_179' title='bbox 762 2539 993 2614; x_wconf 76' lang='lat' dir='ltr'>interpolatione</span> <span class='ocrx_word' id='word_1_180' title='bbox 1014 2539 1133 2597; x_wconf 85' lang='lat' dir='ltr'>videtur</span> 
     </span>
     <span class='ocr_line' id='line_1_25' title="bbox 118 2635 1131 2712; baseline 0.002 -20"><span class='ocrx_word' id='word_1_181' title='bbox 118 2635 303 2708; x_wconf 73' lang='lat' dir='ltr'>abstinuisse,</span> <span class='ocrx_word' id='word_1_182' title='bbox 321 2636 365 2694; x_wconf 89' lang='lat' dir='ltr'>ita</span> <span class='ocrx_word' id='word_1_183' title='bbox 384 2639 414 2694; x_wconf 88' lang='lat' dir='ltr'>et</span> <span class='ocrx_word' id='word_1_184' title='bbox 433 2636 506 2696; x_wconf 86' lang='lat' dir='ltr'>alibi</span> <span class='ocrx_word' id='word_1_185' title='bbox 524 2637 646 2694; x_wconf 87' lang='lat' dir='ltr'>alterius</span> <span class='ocrx_word' id='word_1_186' title='bbox 665 2636 798 2694; x_wconf 87' lang='lat' dir='ltr'>familiae</span> <span class='ocrx_word' id='word_1_187' title='bbox 816 2637 1015 2712; x_wconf 85' lang='lat' dir='ltr'>proprietates</span> <span class='ocrx_word' id='word_1_188' title='bbox 1033 2637 1131 2694; x_wconf 90' lang='lat' dir='ltr'>minus</span> 
     </span>
     <span class='ocr_line' id='line_1_26' title="bbox 118 2730 1133 2808; baseline 0 -18"><span class='ocrx_word' id='word_1_189' title='bbox 118 2731 296 2807; x_wconf 83' lang='lat' dir='ltr'>obscuravit,</span> <span class='ocrx_word' id='word_1_190' title='bbox 320 2753 410 2808; x_wconf 89' lang='lat' dir='ltr'>quam</span> <span class='ocrx_word' id='word_1_191' title='bbox 438 2733 596 2793; x_wconf 76' lang='lat' dir='ltr'>codieeso</span> <span class='ocrx_word' id='word_1_192' title='bbox 619 2736 650 2791; x_wconf 88' lang='lat' dir='ltr'>et</span> <span class='ocrx_word' id='word_1_193' title='bbox 667 2737 705 2792; x_wconf 81' lang='grc' dir='ltr'>Κ.</span> <span class='ocrx_word' id='word_1_194' title='bbox 743 2733 850 2792; x_wconf 91' lang='lat' dir='ltr'>menda</span> <span class='ocrx_word' id='word_1_195' title='bbox 873 2730 980 2807; x_wconf 77' lang='lat' dir='ltr'>butem,</span> <span class='ocrx_word' id='word_1_196' title='bbox 1004 2752 1079 2806; x_wconf 90' lang='lat' dir='ltr'>quae</span> <span class='ocrx_word' id='word_1_197' title='bbox 1103 2735 1133 2790; x_wconf 89' lang='lat' dir='ltr'>et</span> 
     </span>
     <span class='ocr_line' id='line_1_27' title="bbox 116 2829 1131 2905; baseline 0 -17"><span class='ocrx_word' id='word_1_198' title='bbox 116 2829 165 2888; x_wconf 92' lang='lat' dir='ltr'>hic</span> <span class='ocrx_word' id='word_1_199' title='bbox 188 2830 279 2890; x_wconf 86' lang='lat' dir='ltr'>codex</span> <span class='ocrx_word' id='word_1_200' title='bbox 298 2832 446 2890; x_wconf 84' lang='lat' dir='ltr'>contraxit</span> <span class='ocrx_word' id='word_1_201' title='bbox 468 2850 527 2889; x_wconf 92' lang='lat' dir='ltr'>non</span> <span class='ocrx_word' id='word_1_202' title='bbox 549 2830 750 2905; x_wconf 88' lang='lat' dir='ltr'>interpolandi</span> <span class='ocrx_word' id='word_1_203' title='bbox 771 2829 904 2904; x_wconf 89' lang='lat' dir='ltr'>libidine,</span> <span class='ocrx_word' id='word_1_204' title='bbox 928 2830 978 2889; x_wconf 91' lang='lat' dir='ltr'>sed</span> <span class='ocrx_word' id='word_1_205' title='bbox 1001 2831 1131 2889; x_wconf 87' lang='lat' dir='ltr'>stultitia</span> 
     </span>
    </p>
   </div>
   <div class='ocr_carea' id='block_1_9' title="bbox 116 3092 1158 3502">
    <p class='ocr_par' dir='ltr' id='par_1_11' title="bbox 116 3092 1158 3502">
     <span class='ocr_line' id='line_1_28' title="bbox 189 3092 1158 3183; baseline 0 -15"><span class='ocrx_word' id='word_1_206' title='bbox 189 3117 214 3183; x_wconf 86' lang='lat'>1)</span> <span class='ocrx_word' id='word_1_207' title='bbox 237 3114 313 3168; x_wconf 89' lang='lat' dir='ltr'>idem</span> <span class='ocrx_word' id='word_1_208' title='bbox 336 3114 365 3168; x_wconf 91' lang='lat' dir='ltr'>in</span> <span class='ocrx_word' id='word_1_209' title='bbox 389 3115 570 3167; x_wconf 78' lang='lat' dir='ltr'>cexaratum</span> <span class='ocrx_word' id='word_1_210' title='bbox 592 3092 679 3167; x_wconf 68' lang='lat' dir='ltr'>fiisse</span> <span class='ocrx_word' id='word_1_211' title='bbox 708 3113 942 3168; x_wconf 86' lang='lat' dir='ltr'>verisimillimum</span> <span class='ocrx_word' id='word_1_212' title='bbox 973 3117 1028 3182; x_wconf 72' lang='lat' dir='ltr'>eet,</span> <span class='ocrx_word' id='word_1_213' title='bbox 1056 3132 1131 3168; x_wconf 85' lang='lat' dir='ltr'>nune</span> <span class='ocrx_word' id='word_1_214' title='bbox 1156 3154 1158 3158; x_wconf 85' lang='lat'>-</span> 
     </span>
     <span class='ocr_line' id='line_1_29' title="bbox 117 3193 1130 3285; baseline -0.001 -38"><span class='ocrx_word' id='word_1_215' title='bbox 117 3196 209 3284; x_wconf 74' lang='lat' dir='ltr'>exstat</span> <span class='ocrx_word' id='word_1_216' title='bbox 235 3211 381 3285; x_wconf 69' lang='lat' dir='ltr'>sensuque,</span> <span class='ocrx_word' id='word_1_217' title='bbox 415 3193 463 3247; x_wconf 90' lang='lat' dir='ltr'>sed</span> <span class='ocrx_word' id='word_1_218' title='bbox 495 3194 537 3246; x_wconf 86' lang='lat' dir='ltr'>ita</span> <span class='ocrx_word' id='word_1_219' title='bbox 563 3196 595 3247; x_wconf 89' lang='lat' dir='ltr'>ut</span> <span class='ocrx_word' id='word_1_220' title='bbox 621 3209 655 3247; x_wconf 79' lang='lat' dir='ltr'>ae</span> <span class='ocrx_word' id='word_1_221' title='bbox 682 3193 782 3246; x_wconf 87' lang='lat' dir='ltr'>tertius</span> <span class='ocrx_word' id='word_1_222' title='bbox 810 3195 949 3248; x_wconf 89' lang='lat' dir='ltr'>corrector</span> <span class='ocrx_word' id='word_1_223' title='bbox 975 3193 1005 3246; x_wconf 91' lang='lat' dir='ltr'>in</span> <span class='ocrx_word' id='word_1_224' title='bbox 1032 3210 1130 3247; x_wconf 87' lang='lat' dir='ltr'>rasura</span> 
     </span>
     <span class='ocr_line' id='line_1_30' title="bbox 117 3275 1130 3423; baseline -0.001 -17"><span class='ocrx_word' id='word_1_225' title='bbox 117 3275 326 3422; x_wconf 38' lang='lat' dir='ltr'>senpddrdd&#39;qua</span> <span class='ocrx_word' id='word_1_226' title='bbox 343 3351 464 3408; x_wconf 86' lang='lat' dir='ltr'>lectione</span> <span class='ocrx_word' id='word_1_227' title='bbox 477 3352 602 3422; x_wconf 84' lang='lat' dir='ltr'>proxime</span> <span class='ocrx_word' id='word_1_228' title='bbox 617 3353 698 3407; x_wconf 88' lang='lat' dir='ltr'>abest</span> <span class='ocrx_word' id='word_1_229' title='bbox 711 3353 786 3423; x_wconf 89' lang='lat' dir='ltr'>qued</span> <span class='ocrx_word' id='word_1_230' title='bbox 802 3353 833 3406; x_wconf 89' lang='lat' dir='ltr'>in</span> <span class='ocrx_word' id='word_1_231' title='bbox 846 3353 980 3408; x_wconf 86' lang='lat' dir='ltr'>Etcnensi</span> <span class='ocrx_word' id='word_1_232' title='bbox 994 3352 1130 3422; x_wconf 86' lang='lat' dir='ltr'>seriptum</span> 
     </span>
     <span class='ocr_line' id='line_1_31' title="bbox 116 3431 1130 3502; baseline -0.001 -15"><span class='ocrx_word' id='word_1_233' title='bbox 116 3435 160 3487; x_wconf 88' lang='lat' dir='ltr'>est</span> <span class='ocrx_word' id='word_1_234' title='bbox 173 3439 323 3488; x_wconf 79' lang='lat' dir='ltr'>tenunatur</span> <span class='ocrx_word' id='word_1_235' title='bbox 331 3435 423 3498; x_wconf 76' lang='grc'><strong>111111,</strong></span> <span class='ocrx_word' id='word_1_236' title='bbox 441 3433 556 3502; x_wconf 89' lang='lat' dir='ltr'>propius</span> <span class='ocrx_word' id='word_1_237' title='bbox 575 3433 662 3486; x_wconf 87' lang='lat' dir='ltr'>etiam</span> <span class='ocrx_word' id='word_1_238' title='bbox 680 3433 791 3487; x_wconf 86' lang='lat' dir='ltr'>accedit</span> <span class='ocrx_word' id='word_1_239' title='bbox 809 3433 846 3486; x_wconf 90' lang='lat' dir='ltr'>ad</span> <span class='ocrx_word' id='word_1_240' title='bbox 863 3433 1014 3502; x_wconf 79' lang='lat' dir='ltr'>genuinam</span> <span class='ocrx_word' id='word_1_241' title='bbox 1032 3431 1130 3486; x_wconf 86' lang='lat' dir='ltr'>lectio-</span> 
     </span>
    </p>
   </div>
   <div class='ocr_carea' id='block_1_10' title="bbox 4 3497 942 3582">
    <p class='ocr_par' dir='ltr' id='par_1_12' title="bbox 4 3497 942 3582">
     <span class='ocr_line' id='line_1_32' title="bbox 4 3497 942 3582; baseline -0.003 -16"><span class='ocrx_word' id='word_1_242' title='bbox 4 3497 5 3514; x_wconf 54' lang='lat'>³</span> <span class='ocrx_word' id='word_1_243' title='bbox 115 3529 190 3580; x_wconf 87' lang='lat' dir='ltr'>nem,</span> <span class='ocrx_word' id='word_1_244' title='bbox 209 3513 284 3582; x_wconf 90' lang='lat' dir='ltr'>quod</span> <span class='ocrx_word' id='word_1_245' title='bbox 302 3512 332 3566; x_wconf 89' lang='lat' dir='ltr'>in</span> <span class='ocrx_word' id='word_1_246' title='bbox 350 3512 484 3566; x_wconf 86' lang='lat' dir='ltr'>Beruensi</span> <span class='ocrx_word' id='word_1_247' title='bbox 503 3517 554 3566; x_wconf 78' lang='lat'>156</span> <span class='ocrx_word' id='word_1_248' title='bbox 574 3516 665 3567; x_wconf 87' lang='lat' dir='ltr'>exstat</span> <span class='ocrx_word' id='word_1_249' title='bbox 683 3519 834 3568; x_wconf 75' lang='lat' dir='ltr'>tenuantur</span> <span class='ocrx_word' id='word_1_250' title='bbox 850 3514 942 3566; x_wconf 79' lang='lat' dir='ltr'>mcein</span> 
     </span>
    </p>
   </div>
   <div class='ocr_carea' id='block_1_11' title="bbox 171 3592 968 3732">
    <p class='ocr_par' dir='ltr' id='par_1_13' title="bbox 171 3592 968 3732">
     <span class='ocr_line' id='line_1_33' title="bbox 189 3592 751 3662; baseline -0.004 -16"><span class='ocrx_word' id='word_1_251' title='bbox 189 3596 215 3662; x_wconf 81' lang='grc'>3)</span> <span class='ocrx_word' id='word_1_252' title='bbox 233 3593 309 3646; x_wconf 90' lang='lat' dir='ltr'>idem</span> <span class='ocrx_word' id='word_1_253' title='bbox 326 3592 431 3662; x_wconf 80' lang='lat' dir='ltr'>legitur</span> <span class='ocrx_word' id='word_1_254' title='bbox 448 3593 477 3645; x_wconf 94' lang='lat' dir='ltr'>in</span> <span class='ocrx_word' id='word_1_255' title='bbox 496 3592 592 3646; x_wconf 85' lang='lat' dir='ltr'>codice</span> <span class='ocrx_word' id='word_1_256' title='bbox 610 3593 751 3646; x_wconf 89' lang='lat' dir='ltr'>Bernensi.</span> 
     </span>
     <span class='ocr_line' id='line_1_34' title="bbox 171 3691 968 3732; baseline -0.011 0"><span class='ocrx_word' id='word_1_257' title='bbox 171 3693 245 3732; x_wconf 73' lang='lat' dir='ltr'>Suri</span> <span class='ocrx_word' id='word_1_258' title='bbox 258 3691 370 3732; x_wconf 83' lang='lat' dir='ltr'>Achilleis</span> <span class='ocrx_word' id='word_1_259' title='bbox 384 3691 417 3730; x_wconf 90' lang='lat' dir='ltr'>ed.</span> <span class='ocrx_word' id='word_1_260' title='bbox 432 3691 525 3730; x_wconf 83' lang='lat' dir='ltr'>Klotz.</span> <span class='ocrx_word' id='word_1_261' title='bbox 954 3693 968 3728; x_wconf 83' lang='lat' dir='ltr'>c</span> 
     </span>
    </p>
   </div>
   <div class='ocr_carea' id='block_1_12' title="bbox 0 0 1304 3880">
    <p class='ocr_par' dir='ltr' id='par_1_14' title="bbox 0 0 1304 3880">
     <span class='ocr_line' id='line_1_35' title="bbox 0 0 1304 3880; baseline 0 0"><span class='ocrx_word' id='word_1_262' title='bbox 0 0 1304 3880; x_wconf 95' lang='lat' dir='ltr'> </span> 
     </span>
    </p>
   </div>
  </div>
 </body>
</html>
