2598 3880
483 237 607 292 Editoris
625 236 772 307 praefatio.
1074 237 1138 292 XXI

120 409 199 468 rium
228 409 406 468 commisisse
435 409 549 466 certum
576 409 629 482 sit,
655 425 692 465 ne
720 407 782 465 sine
806 406 917 467 iudicio
940 407 1083 486 quicquid
1105 409 1137 466 iu

122 523 156 566 co
179 504 255 566 libro
278 506 396 584 legitur,
419 511 473 580 pr'c
497 506 625 582 genuino
648 523 828 564 veneremur.

189 603 322 679 duplices
345 605 486 663 lectiones
509 605 541 660 in
560 603 720 678 exemplari
737 603 818 662 haud
835 622 903 662 raro
921 603 1012 662 fuisse
1032 621 1138 680 cogno·

123 703 241 777 scimus,
268 702 327 762 nisi
350 702 398 763 vel
422 701 459 760 ad
481 703 581 777 ipsum
602 700 715 759 Iuliani
741 700 872 760 codicem
895 700 1042 776 quaedam
1063 702 1138 761 refe-

121 799 214 858 renda
242 802 319 860 sunt.
366 801 483 875 saepius
507 801 607 858 autem
634 801 791 874 utramque
818 800 976 858 lectionem
1008 801 1139 858 servarit

122 896 268 956 Puteanei
285 898 438 972 librarius3
462 895 540 972 quod
558 899 660 956 tamen
677 915 736 956 non
754 898 817 956 tam
835 898 903 973 ipsi,
922 917 1012 973 quam
1031 899 1068 971 ei,
1087 899 1139 972 qui

123 995 253 1053 medium
275 996 362 1053 illum
384 998 463 1054 inter
480 994 593 1053 Iuliani
615 994 724 1052 librum
748 997 778 1054 ct
795 994 979 1055 Puteancum
997 997 1140 1069 exaravit,

123 1095 279 1168 acceptum
305 1092 492 1152 referendum
515 1110 577 1152 esse
605 1111 715 1152 censeo.
761 1113 830 1152 nam
858 1113 926 1152 eum
953 1093 1140 1152 mediocriter

121 1191 241 1249 tantrm
273 1190 392 1251 doctum
424 1191 528 1265 fuisse,
560 1190 704 1250 Puteanci
730 1210 800 1250 voro
830 1191 953 1250 librario
982 1190 1140 1250 admodum

122 1289 302 1348 familiarem
331 1289 421 1348 fuisse
444 1287 570 1348 Latinae
600 1289 720 1365 linguae
750 1307 836 1348 usum
864 1291 926 1348 iam
954 1307 1045 1365 supra
1075 1308 1140 1364 por-

124 1387 280 1462 speximus.
321 1388 375 1446 hos
399 1405 468 1445 vero
493 1405 527 1444 ex
549 1385 716 1444 Achilleide
739 1387 872 1446 conferas
895 1388 988 1448 locos:

427 1482 526 1541 1444
549 1499 731 1555 sciamusque

428 1580 528 1640 1470
550 1577 738 1640 Antilochcus

426 1677 525 1736 1527
550 1678 642 1737 acces
667 1679 768 1752 aufers

425 1775 524 1835 1634
546 1777 736 1850 proclamauit
743 1769 768 1858 ¹)

426 1873 524 1933 1832
544 1876 592 1949 pit
615 1875 677 1934 dcis
700 1877 878 1934 crncttrcccs

425 1971 502 2030 144
526 1979 618 2043 cclcsc
641 1965 710 2054 (del.
729 1964 783 2053 1²¹)

126 2070 173 2129 bis
197 2073 230 2128 in
252 2069 419 2129 Achilleidc
441 2073 526 2129 varia
549 2070 638 2129 lectio
661 2071 791 2148 margini
814 2071 963 2147 adscripta
989 2074 1046 2130 est:

262 2166 277 2225 1
298 2168 361 2226 623
387 2185 476 2226 cursu
497 2160 551 2226 P²z
568 2169 661 2240 pulsu
682 2169 722 2226 Ρο
745 2168 792 2227 vel
814 2169 854 2228 Pl
875 2170 908 2225 in
930 2187 1022 2246 marg.

258 2264 274 2322 I
294 2265 356 2323 959
376 2282 498 2338 pugnae
519 2257 572 2324 1³¹:
596 2283 662 2325 cccc
683 2258 724 2324 ΡΙ
746 2268 778 2324 in
800 2286 893 2344 marg.
902 2257 926 2348 ²)

129 2364 254 2439 apparet
277 2364 377 2422 autem
399 2362 497 2422 1832
523 2364 677 2440 archetypi
699 2366 860 2442 imaginem
877 2365 969 2423 talem
987 2364 1086 2439 tuisse,
1109 2365 1145 2421 ut

115 2463 170 2535 ¹pc'c‘
193 2461 240 2520 vel
269 2479 358 2537 supra
385 2462 495 2520 lineam
518 2463 566 2520 vel
593 2463 625 2519 in
652 2464 786 2539 margine
814 2465 950 2521 exstaret.
995 2481 1065 2520 nam
1087 2481 1145 2521 vox

126 2557 174 2619 dci
197 2578 264 2618 cum
286 2561 460 2635 insequente
484 2578 555 2619 voce
580 2559 651 2618 adeo
675 2560 832 2620 coniuncta
854 2560 922 2635 fuit,
945 2562 980 2617 ut
1003 2562 1064 2619 eius
1088 2560 1144 2618 ini-

125 2658 231 2716 tialem
249 2658 383 2716 litteram
402 2657 459 2716 sibi
478 2659 608 2733 arripere
626 2659 733 2733 posset.
770 2658 869 2717 varies
888 2659 988 2716 autem
1004 2658 1145 2717 lectiones

127 2755 164 2814 ab
189 2773 231 2831 ec,
251 2757 305 2831 qui
326 2755 441 2814 Iuliani
459 2755 590 2814 codicem
612 2756 810 2831 transcripsit,
832 2757 865 2813 in
883 2756 1013 2814 medium
1031 2757 1146 2814 textum

125 2854 235 2913 inlatas
259 2871 320 2912 esse
348 2854 489 2929 proclivis
513 2855 643 2929 suspicio
667 2855 719 2911 est.
766 2852 843 2914 unde
867 2854 1041 2930 explicatur,
1066 2853 1145 2929 quod

124 2950 173 3010 hic
197 2951 353 3026 antecedit,
373 2952 438 3010 illic
461 2952 595 3027 sequitur
618 2953 748 3028 genuina
769 2952 867 3027 lecti0,
893 2953 1023 3027 quae-in
1046 2952 1145 3010 codice

124 3050 178 3108 illo
210 3051 413 3108 vetustissimo
452 3049 657 3108 emendatione
694 3049 834 3108 restituta
869 3049 935 3108 fuit.
988 3049 1145 3108 verborum

197 3221 224 3289 1)
242 3221 274 3272 at
292 3218 430 3272 recentior
449 3218 566 3287 quidam
584 3222 723 3274 corrector
742 3219 948 3288 suprascripsit.

197 3301 224 3368 2)
242 3298 390 3367 perspicue
413 3299 545 3369 leguntur
567 3299 680 3367 litterae
703 3317 736 3354 cu
772 3316 798 3365 c,
826 3299 901 3353 inter
924 3315 994 3368 quas
1016 3298 1145 3352 umbram

125 3377 237 3432 litterae
260 3393 410 3452 coemere
433 3378 504 3432 mihi
518 3378 598 3444 ¹visus
622 3396 691 3432 sum.
730 3381 805 3433 certe
829 3396 844 3433 r
866 3397 922 3433 non
946 3380 1045 3433 exstat.
1083 3378 1146 3447 ipsa

128 3461 223 3513 autem
245 3475 260 3514 c
281 3476 332 3529 pro
356 3477 374 3530 9
396 3459 490 3528 posita
514 3458 712 3529 comprobatur
730 3458 838 3513 variam
859 3458 1009 3513 lectionem
1028 3458 1145 3527 abipso

126 3537 229 3592 Iuliani
253 3539 350 3594 codice
373 3539 623 3609 transmigravisse.
657 3540 732 3593 unde
751 3538 867 3592 inritum
890 3538 939 3592 fiet
959 3554 1103 3605 conamen,
1122 3539 1146 3590 si

130 3619 193 3688 quis
208 3637 321 3691 pugnae
339 3620 409 3688 velit
426 3619 583 3674 defendere.
