2598 3880
476 207 600 263 Editoris
618 208 765 278 praefatio.
1016 208 1131 263 XXXIX

112 395 212 452 pauca
235 396 295 436 non
318 376 427 451 deesse,
450 395 540 451 quam
563 377 626 435 sine
649 377 705 436 hoc
729 376 899 435 adiumento
923 376 1081 436 editionem
1099 380 1132 434 in

105 474 265 550 publicum
288 475 394 533 emitti.

181 573 242 629 iam
270 591 340 630 vero
375 589 441 630 cum
476 571 514 629 ad
548 571 637 630 finem
671 573 905 647 pervenerimus,
934 569 1010 630 nihil
1037 574 1132 630 restat

112 671 173 728 nisi
200 672 235 727 ut
262 671 376 746 gratias
399 687 488 746 agam
511 671 648 732 eissiris
672 668 781 741 doctis,
809 687 935 744 quorum
962 687 1019 745 ope
1042 671 1132 744 etque

111 767 226 825 auxilia
250 765 354 824 adiuta
371 766 515 825 Achilleis
538 769 640 825 nostra
664 785 742 824 nunc
760 767 862 841 prodit
880 768 912 823 in
931 767 1036 828 lucem.
1073 785 1132 841 quo

112 866 145 922 in
169 865 291 922 numero
314 866 462 940 imprimis
480 866 601 924 nomino
625 881 674 922 eos
694 865 746 940 qui
764 857 960 939 bybliothecis
979 862 1132 922 Parisinae

113 965 145 1020 et
163 961 332 1020 Monacensi
350 964 501 1037 praesunt,
519 961 627 1037 quibus
646 960 818 1020 auctoribus
837 960 951 1020 codices
965 959 1132 1020 Puteanum

114 1058 323 1118 etParisinum
337 1059 488 1118 commode
502 1059 576 1117 mihi
590 1059 677 1118 licuit
691 1059 837 1134 conferre,
851 1058 956 1117 deinde
966 1057 1133 1118 Fridolfum

115 1155 305 1225 Gustafsson,
335 1159 387 1232 qui
409 1175 469 1215 non
493 1157 588 1216 solum
615 1156 650 1215 de
678 1157 777 1216 codice
800 1155 947 1214 Vaticano
978 1158 1133 1230 quaerenti

114 1255 189 1312 mihi
211 1254 421 1332 benignissime
443 1255 571 1328 rettulit,
588 1246 644 1312 'sed
663 1257 755 1314 etiam
774 1254 809 1312 de
827 1253 931 1312 multis
950 1253 1133 1312 Achilleidos

115 1351 188 1410 locis
222 1351 399 1409 sententiam
430 1368 514 1410 suam
544 1371 659 1410 mecum
689 1353 927 1410 communicavit.
980 1351 1012 1408 id
1041 1370 1134 1409 unum

2 1460 5 1467 ’
116 1447 215 1522 10100,
244 1447 322 1523 quod
348 1450 428 1506 inter
454 1448 598 1507 Addenda
624 1448 830 1507 tantummodo
858 1449 1001 1507 nonnulla
1029 1467 1064 1506 ex
1092 1451 1134 1507 eis

117 1545 247 1620 proferri
260 1548 430 1620 potuerunt,
441 1563 508 1603 oum
522 1548 620 1604 textus
634 1548 695 1603 iam
709 1546 791 1621 prelo
806 1548 882 1605 esset
895 1545 1031 1604 traditus.
1056 1545 1135 1621 quod

116 1662 183 1701 cum
197 1641 349 1701 Ludovico
359 1641 475 1701 Traube
490 1644 607 1718 saepius
622 1642 758 1702 derebus
772 1643 1029 1720 palaeographiois
1044 1642 1133 1701 eollo·

114 1743 169 1816 qui
187 1741 282 1813 licuit,
301 1758 416 1798 summo
430 1741 504 1798 mihi
523 1740 720 1800 emolumento
739 1743 830 1800 fuisse
843 1743 930 1818 grato
950 1742 1048 1799 animo
1067 1759 1133 1817 pro·

115 1839 209 1897 fiteor.
247 1838 353 1896 deinde
371 1836 539 1896 Fridericus
557 1837 692 1897 Vollmer
714 1841 833 1916 egregia
853 1857 911 1912 qua
931 1841 976 1896 est
994 1839 1134 1897 comitate

116 1936 254 2012 plagulas
272 1953 354 1994 meas
372 1937 503 2009 inspexit
520 1954 647 1994 necnon
661 1937 757 1994 multa
771 1955 805 1994 ex
820 1934 968 1994 uberrimo
982 1935 1134 1994 doctrinae

116 2053 187 2092 suae
210 2034 292 2092 fonte
315 2032 469 2108 adspersit.
515 2036 634 2107 praeter
658 2034 779 2090 eumin
807 2050 964 2106 operarum
987 2032 1134 2090 erroribus

118 2130 318 2189 emaculandis
338 2132 475 2188 strenuus
494 2129 613 2188 adiutor
630 2131 690 2186 fuit
708 2131 820 2187 amicus
839 2127 983 2205 Georgius
996 2127 1134 2188 Lehnert.

117 2245 247 2286 summas
280 2245 350 2286 vero
382 2229 492 2285 iterum
523 2228 636 2304 gratias
669 2245 725 2304 ago
754 2228 844 2301 atque
870 2225 964 2284 habeo
992 2225 1134 2284 Mauritio

117 2325 229 2400 Krohn,
254 2327 305 2399 qui
332 2344 391 2384 non
420 2324 515 2383 solum
538 2325 594 2383 hoc
617 2325 709 2383 subiit
732 2341 852 2398 munus,
880 2323 931 2382 sed
954 2325 1046 2382 etiam
1068 2342 1135 2383 oum

118 2443 186 2482 vere
209 2422 297 2480 huius
321 2422 400 2495 anni,
422 2422 475 2480 ille
497 2424 531 2480 ut
554 2421 591 2480 ab
615 2421 714 2495 officii,
738 2441 791 2499 ego
816 2424 850 2480 ut
868 2440 886 2480 a
904 2422 1031 2480 militiae
1053 2420 1134 2479 labo-

1 2543 2 2548 *
117 2521 200 2579 ribus
222 2532 430 2592 recrearemur,
454 2538 571 2578 carmen
594 2518 807 2578 nitidissimum
825 2521 974 2578 communi
992 2521 1134 2577 tractare·

1 2685 2 2688 ¹
118 2636 184 2676 mus
220 2619 359 2691 lectione,
397 2616 433 2675 de
469 2618 571 2674 multis
607 2617 680 2675 locis
718 2617 932 2676 amoenissimis
969 2616 1134 2690 conloquiis

1 2697 2 2702 ἵ
119 2733 234 2774 meeum
258 2714 431 2789 disputavit.

1 2809 2 2815 ἵ
187 2856 299 2932 Scripsi
322 2855 460 2914 Monachi
482 2873 582 2914 mense
604 2855 740 2932 Augusto
764 2857 836 2913 anni
859 2853 970 2912 MOMI.

776 3023 948 3092 Alfrcdus
970 3023 1090 3092 Klotz.
